<?xml version="1.0" encoding="UTF-8"?>
<record>
  <leader>02301nas--2200625-i-4500</leader>
  <controlfield tag="001">99373067278206441</controlfield>
  <controlfield tag="005">20250917110109.0</controlfield>
  <controlfield tag="006">m-----o--d--------</controlfield>
  <controlfield tag="007">cr-|||||||||||</controlfield>
  <controlfield tag="008">170726c20009999sp-fr-p-o-----0----0eng-c</controlfield>
  <datafield tag="010" ind1=" " ind2=" ">
    <subfield code="a">  2020256303</subfield>
  </datafield>
  <datafield tag="016" ind1="7" ind2=" ">
    <subfield code="a">2891614-1</subfield>
    <subfield code="2">DE-600</subfield>
  </datafield>
  <datafield tag="022" ind1=" " ind2=" ">
    <subfield code="a">2445-1460</subfield>
  </datafield>
  <datafield tag="035" ind1=" " ind2=" ">
    <subfield code="a">(OCoLC)1058996236</subfield>
  </datafield>
  <datafield tag="035" ind1=" " ind2=" ">
    <subfield code="a">(CKB)3710000001058121</subfield>
  </datafield>
  <datafield tag="035" ind1=" " ind2=" ">
    <subfield code="a">(CONSER)--2020256303</subfield>
  </datafield>
  <datafield tag="035" ind1=" " ind2=" ">
    <subfield code="a">(DE-599)ZDB2891614-1</subfield>
  </datafield>
  <datafield tag="035" ind1=" " ind2=" ">
    <subfield code="a">(DE-599)2891614-1</subfield>
  </datafield>
  <datafield tag="035" ind1=" " ind2=" ">
    <subfield code="a">(EXLCZ)993710000001058121</subfield>
  </datafield>
  <datafield tag="042" ind1=" " ind2=" ">
    <subfield code="a">pcc</subfield>
  </datafield>
  <datafield tag="050" ind1=" " ind2="4">
    <subfield code="a">QR189</subfield>
  </datafield>
  <datafield tag="130" ind1="0" ind2=" ">
    <subfield code="a">Vacunas.</subfield>
    <subfield code="l">English</subfield>
  </datafield>
  <datafield tag="210" ind1="1" ind2=" ">
    <subfield code="a">Vacunas</subfield>
    <subfield code="b">(Barc., Internet, Engl. ed.)</subfield>
  </datafield>
  <datafield tag="222" ind1=" " ind2="0">
    <subfield code="a">Vacunas</subfield>
    <subfield code="b">(Barcelona. Internet. English ed.)</subfield>
  </datafield>
  <datafield tag="245" ind1="1" ind2="0">
    <subfield code="a">Vacunas.</subfield>
  </datafield>
  <datafield tag="246" ind1="1" ind2=" ">
    <subfield code="i">Some providers have title:</subfield>
    <subfield code="a">Vacunas (English edition)</subfield>
  </datafield>
  <datafield tag="250" ind1=" " ind2=" ">
    <subfield code="a">English edition.</subfield>
  </datafield>
  <datafield tag="264" ind1=" " ind2="0">
    <subfield code="a">[Barcelona]</subfield>
    <subfield code="b">Elsevier España, S.L.U.</subfield>
  </datafield>
  <datafield tag="300" ind1=" " ind2=" ">
    <subfield code="a">1 online resource</subfield>
  </datafield>
  <datafield tag="310" ind1=" " ind2=" ">
    <subfield code="a">Semiannual</subfield>
  </datafield>
  <datafield tag="336" ind1=" " ind2=" ">
    <subfield code="a">text</subfield>
    <subfield code="b">txt</subfield>
    <subfield code="2">rdacontent</subfield>
  </datafield>
  <datafield tag="337" ind1=" " ind2=" ">
    <subfield code="a">computer</subfield>
    <subfield code="b">c</subfield>
    <subfield code="2">rdamedia</subfield>
  </datafield>
  <datafield tag="338" ind1=" " ind2=" ">
    <subfield code="a">online resource</subfield>
    <subfield code="b">cr</subfield>
    <subfield code="2">rdacarrier</subfield>
  </datafield>
  <datafield tag="362" ind1="1" ind2=" ">
    <subfield code="a">Print began in 2000.</subfield>
  </datafield>
  <datafield tag="520" ind1="2" ind2=" ">
    <subfield code="a">Vacunas is a peer-reviewed journal supported by an advisory board of experts in the field of vaccinology. The aim of the journal is to contribute to the dissemination of the scientific advances made in the area of basic and applied research in the field of vaccine-preventable diseases in humans.</subfield>
  </datafield>
  <datafield tag="588" ind1="0" ind2=" ">
    <subfield code="a">Volume 18, issue 1 (January/June 2017); title from PDF article (publisher's website, viewed July 29, 2020).</subfield>
  </datafield>
  <datafield tag="588" ind1="1" ind2=" ">
    <subfield code="a">Volume 21, issue 1 (January/June 2020) (viewed July 29, 2020).</subfield>
  </datafield>
  <datafield tag="500" ind1=" " ind2=" ">
    <subfield code="a">Refereed/Peer-reviewed</subfield>
  </datafield>
  <datafield tag="650" ind1=" " ind2="0">
    <subfield code="a">Vaccines</subfield>
    <subfield code="v">Periodicals.</subfield>
  </datafield>
  <datafield tag="650" ind1=" " ind2="0">
    <subfield code="a">Vaccination</subfield>
    <subfield code="v">Periodicals.</subfield>
  </datafield>
  <datafield tag="650" ind1=" " ind2="0">
    <subfield code="a">Vaccines.</subfield>
  </datafield>
  <datafield tag="650" ind1=" " ind2="0">
    <subfield code="a">Vaccination.</subfield>
  </datafield>
  <datafield tag="650" ind1=" " ind2="2">
    <subfield code="a">Vaccines.</subfield>
    <subfield code="0">(DNLM)D014612</subfield>
    <subfield code="0">http://id.nlm.nih.gov/mesh/D014612</subfield>
    <subfield code="B">NLM-D014612</subfield>
  </datafield>
  <datafield tag="650" ind1=" " ind2="2">
    <subfield code="a">Vaccination.</subfield>
    <subfield code="0">(DNLM)D014611</subfield>
    <subfield code="0">http://id.nlm.nih.gov/mesh/D014611</subfield>
    <subfield code="B">NLM-D014611</subfield>
  </datafield>
  <datafield tag="650" ind1=" " ind2="2">
    <subfield code="a">Periodical</subfield>
    <subfield code="0">(DNLM)D020492</subfield>
  </datafield>
  <datafield tag="650" ind1=" " ind2="6">
    <subfield code="a">Vaccins</subfield>
    <subfield code="v">Périodiques.</subfield>
  </datafield>
  <datafield tag="650" ind1=" " ind2="6">
    <subfield code="a">Vaccination</subfield>
    <subfield code="v">Périodiques.</subfield>
  </datafield>
  <datafield tag="650" ind1=" " ind2="6">
    <subfield code="a">Vaccins.</subfield>
  </datafield>
  <datafield tag="650" ind1=" " ind2="7">
    <subfield code="a">Vaccination.</subfield>
    <subfield code="2">fast</subfield>
    <subfield code="0">(OCoLC)fst01163544</subfield>
  </datafield>
  <datafield tag="650" ind1=" " ind2="7">
    <subfield code="a">Vaccines.</subfield>
    <subfield code="2">fast</subfield>
    <subfield code="0">(OCoLC)fst01163573</subfield>
  </datafield>
  <datafield tag="655" ind1=" " ind2="0">
    <subfield code="a">Periodicals.</subfield>
  </datafield>
  <datafield tag="655" ind1=" " ind2="2">
    <subfield code="a">Periodical.</subfield>
  </datafield>
  <datafield tag="655" ind1=" " ind2="7">
    <subfield code="a">Periodicals.</subfield>
    <subfield code="2">fast</subfield>
    <subfield code="0">(OCoLC)fst01411641</subfield>
  </datafield>
  <datafield tag="655" ind1=" " ind2="7">
    <subfield code="a">Periodicals.</subfield>
    <subfield code="2">lcgft</subfield>
  </datafield>
  <datafield tag="655" ind1=" " ind2="7">
    <subfield code="a">Périodiques.</subfield>
    <subfield code="2">rvmgf</subfield>
  </datafield>
  <datafield tag="906" ind1=" " ind2=" ">
    <subfield code="a">JOURNAL</subfield>
  </datafield>
  <datafield tag="MBD" ind1=" " ind2=" ">
    <subfield code="M">49HBZ_NETWORK</subfield>
    <subfield code="i">99373067278206441</subfield>
    <subfield code="n">HBZ Network</subfield>
  </datafield>
  <datafield tag="MBD" ind1=" " ind2=" ">
    <subfield code="M">49HBZ_WUP</subfield>
    <subfield code="i">9916126923206447</subfield>
    <subfield code="n">Bergische Universität Wuppertal</subfield>
  </datafield>
  <datafield tag="MBD" ind1=" " ind2=" ">
    <subfield code="M">49HBZ_HSD</subfield>
    <subfield code="i">991005707930806455</subfield>
    <subfield code="n">Hochschule Duesseldorf</subfield>
  </datafield>
  <datafield tag="MBD" ind1=" " ind2=" ">
    <subfield code="M">49HBZ_HHL</subfield>
    <subfield code="i">991001258497206482</subfield>
    <subfield code="n">Hochschule Hamm-Lippstadt</subfield>
  </datafield>
  <datafield tag="MBD" ind1=" " ind2=" ">
    <subfield code="M">49HBZ_HKL</subfield>
    <subfield code="i">991000598609908980</subfield>
    <subfield code="n">Hochschule Kaiserslautern</subfield>
  </datafield>
  <datafield tag="MBD" ind1=" " ind2=" ">
    <subfield code="M">49HBZ_HSL</subfield>
    <subfield code="i">991002429606708976</subfield>
    <subfield code="n">Hochschule Ludwigshafen - DLR Rheinpfalz</subfield>
  </datafield>
  <datafield tag="MBD" ind1=" " ind2=" ">
    <subfield code="M">49HBZ_HSN</subfield>
    <subfield code="i">991009101643208056</subfield>
    <subfield code="n">Hochschule Niederrhein</subfield>
  </datafield>
  <datafield tag="MBD" ind1=" " ind2=" ">
    <subfield code="M">49HBZ_OWL</subfield>
    <subfield code="i">991004389559406468</subfield>
    <subfield code="n">Hochschule Ostwestfalen-Lippe</subfield>
  </datafield>
  <datafield tag="MBD" ind1=" " ind2=" ">
    <subfield code="M">49HBZ_RHW</subfield>
    <subfield code="i">991002871015506479</subfield>
    <subfield code="n">Hochschule Rhein-Waal</subfield>
  </datafield>
  <datafield tag="MBD" ind1=" " ind2=" ">
    <subfield code="M">49HBZ_RUW</subfield>
    <subfield code="i">991004256852406453</subfield>
    <subfield code="n">Hochschule Ruhr West</subfield>
  </datafield>
  <datafield tag="MBD" ind1=" " ind2=" ">
    <subfield code="M">49HBZ_LBZ</subfield>
    <subfield code="i">991019787205708973</subfield>
    <subfield code="n">Landesbibliothekszentrum RLP (LBZ)</subfield>
  </datafield>
  <datafield tag="MBD" ind1=" " ind2=" ">
    <subfield code="M">49HBZ_RTU</subfield>
    <subfield code="i">992022150759207476</subfield>
    <subfield code="n">RPTU Kaiserslautern-Landau</subfield>
  </datafield>
  <datafield tag="MBD" ind1=" " ind2=" ">
    <subfield code="M">49HBZ_ZBS</subfield>
    <subfield code="i">998510046906478</subfield>
    <subfield code="n">Deutsche Sporthochschule Köln</subfield>
  </datafield>
  <datafield tag="MBD" ind1=" " ind2=" ">
    <subfield code="M">49HBZ_UBA</subfield>
    <subfield code="i">991026309331406448</subfield>
    <subfield code="n">RWTH Aachen</subfield>
  </datafield>
  <datafield tag="MBD" ind1=" " ind2=" ">
    <subfield code="M">49HBZ_TGA</subfield>
    <subfield code="i">991000727208806469</subfield>
    <subfield code="n">Technische Fachhochschule - Georg Agricola</subfield>
  </datafield>
  <datafield tag="MBD" ind1=" " ind2=" ">
    <subfield code="M">49HBZ_THK</subfield>
    <subfield code="i">991008522968706477</subfield>
    <subfield code="n">Technische Hochschule Köln (TH Köln)</subfield>
  </datafield>
  <datafield tag="MBD" ind1=" " ind2=" ">
    <subfield code="M">49HBZ_UBD</subfield>
    <subfield code="i">991013754476506445</subfield>
    <subfield code="n">Technische Universität Dortmund</subfield>
  </datafield>
  <datafield tag="MBD" ind1=" " ind2=" ">
    <subfield code="M">49HBZ_UBT</subfield>
    <subfield code="i">9928121213506470</subfield>
    <subfield code="n">UB Trier</subfield>
  </datafield>
  <datafield tag="MBD" ind1=" " ind2=" ">
    <subfield code="M">49HBZ_ULB</subfield>
    <subfield code="i">991045501116306467</subfield>
    <subfield code="n">Universitaet Bonn</subfield>
  </datafield>
  <datafield tag="MBD" ind1=" " ind2=" ">
    <subfield code="M">49HBZ_BIE</subfield>
    <subfield code="i">991026102997006442</subfield>
    <subfield code="n">Universität Bielefeld</subfield>
  </datafield>
  <datafield tag="MBD" ind1=" " ind2=" ">
    <subfield code="M">49HBZ_UBO</subfield>
    <subfield code="i">991027950514806471</subfield>
    <subfield code="n">Universität Bochum</subfield>
  </datafield>
  <datafield tag="MBD" ind1=" " ind2=" ">
    <subfield code="M">49HBZ_UDE</subfield>
    <subfield code="i">99209080313706446</subfield>
    <subfield code="n">Universität Duisburg-Essen</subfield>
  </datafield>
  <datafield tag="MBD" ind1=" " ind2=" ">
    <subfield code="M">49HBZ_DUE</subfield>
    <subfield code="i">9947618545806443</subfield>
    <subfield code="n">Universität Düsseldorf</subfield>
  </datafield>
  <datafield tag="MBD" ind1=" " ind2=" ">
    <subfield code="M">49HBZ_FHM</subfield>
    <subfield code="i">991006534279106485</subfield>
    <subfield code="n">FH / KA Münster</subfield>
  </datafield>
  <datafield tag="MBD" ind1=" " ind2=" ">
    <subfield code="M">49HBZ_UKO</subfield>
    <subfield code="i">9910138845408057</subfield>
    <subfield code="n">Universität Koblenz</subfield>
  </datafield>
  <datafield tag="MBD" ind1=" " ind2=" ">
    <subfield code="M">49HBZ_ULM</subfield>
    <subfield code="i">991045070506406449</subfield>
    <subfield code="n">Universität Münster</subfield>
  </datafield>
  <datafield tag="MBD" ind1=" " ind2=" ">
    <subfield code="M">49HBZ_SIE</subfield>
    <subfield code="i">99204642310806462</subfield>
    <subfield code="n">Universität Siegen</subfield>
  </datafield>
  <datafield tag="MBD" ind1=" " ind2=" ">
    <subfield code="M">49HBZ_PAD</subfield>
    <subfield code="i">9925129758906463</subfield>
    <subfield code="n">Universitätsbibliothek Paderborn</subfield>
  </datafield>
  <datafield tag="MBD" ind1=" " ind2=" ">
    <subfield code="M">49HBZ_WHS</subfield>
    <subfield code="i">991006560975806456</subfield>
    <subfield code="n">Westfälische Hochschule</subfield>
  </datafield>
  <datafield tag="MBD" ind1=" " ind2=" ">
    <subfield code="M">49HBZ_ZBM</subfield>
    <subfield code="i">991013917754106472</subfield>
    <subfield code="n">ZB MED</subfield>
  </datafield>
  <datafield tag="MBD" ind1=" " ind2=" ">
    <subfield code="M">49HBZ_FDO</subfield>
    <subfield code="i">991005052185106451</subfield>
    <subfield code="n">Fachhochschule Dortmund</subfield>
  </datafield>
  <datafield tag="MBD" ind1=" " ind2=" ">
    <subfield code="M">49HBZ_FSW</subfield>
    <subfield code="i">9916327734606461</subfield>
    <subfield code="n">Fachhochschule Südwestfalen</subfield>
  </datafield>
  <datafield tag="MBD" ind1=" " ind2=" ">
    <subfield code="M">49HBZ_FUH</subfield>
    <subfield code="i">99382081869206464</subfield>
    <subfield code="n">Fernuniversität Hagen</subfield>
  </datafield>
  <datafield tag="MBD" ind1=" " ind2=" ">
    <subfield code="M">49HBZ_FHA</subfield>
    <subfield code="i">991006122982606444</subfield>
    <subfield code="n">Hochschulbibliothek der FH Aachen</subfield>
  </datafield>
  <datafield tag="MBD" ind1=" " ind2=" ">
    <subfield code="M">49HBZ_HBO</subfield>
    <subfield code="i">991000475794206454</subfield>
    <subfield code="n">Hochschule Bochum</subfield>
  </datafield>
  <datafield tag="MBD" ind1=" " ind2=" ">
    <subfield code="M">49HBZ_BRS</subfield>
    <subfield code="i">991006017459306452</subfield>
    <subfield code="n">Hochschule Bonn-Rhein-Sieg</subfield>
  </datafield>
  <datafield tag="MNG" ind1=" " ind2=" ">
    <subfield code="c">system</subfield>
    <subfield code="f">CKB</subfield>
    <subfield code="i">marc21</subfield>
    <subfield code="l">102</subfield>
    <subfield code="e">false</subfield>
    <subfield code="d">2025-09-18 03:21:13 Europe/Berlin</subfield>
    <subfield code="g">993710000001058121</subfield>
    <subfield code="j">00</subfield>
    <subfield code="a">CKB</subfield>
    <subfield code="b">2023-10-01 04:23:28 Europe/Berlin</subfield>
  </datafield>
  <datafield tag="POR" ind1=" " ind2=" ">
    <subfield code="j">Ezb</subfield>
    <subfield code="x">System</subfield>
    <subfield code="a">53183480220006447</subfield>
    <subfield code="M">49HBZ_WUP</subfield>
    <subfield code="p">61183407320006447</subfield>
    <subfield code="q">EZB-ELDEA-01989 Elsevier DEAL Archive</subfield>
    <subfield code="c">param</subfield>
    <subfield code="o">614900000000002864</subfield>
    <subfield code="y">2024-07-02 10:31:57 Europe/Berlin</subfield>
    <subfield code="w">2024-07-02 10:31:57 Europe/Berlin</subfield>
    <subfield code="D">https://eu04.alma.exlibrisgroup.com/view/uresolver/49HBZ_NETWORK/openurl?u.ignore_date_coverage=true&amp;portfolio_pid=53183480220006447&amp;Force_direct=true</subfield>
    <subfield code="v">System</subfield>
    <subfield code="z">2024-07-02 08:31:57</subfield>
    <subfield code="n"> Available from 2017 volume: 18 until 2022 volume: 23 issue: 3.</subfield>
    <subfield code="i">false</subfield>
    <subfield code="S">62183407310006447</subfield>
    <subfield code="d">https://hbz-network.userservices.exlibrisgroup.com/view/uresolver/49HBZ_NETWORK/openurl?u.ignore_date_coverage=true&amp;rft.mms_id=9916126923206447</subfield>
    <subfield code="b">Available</subfield>
    <subfield code="f">JOURNAL</subfield>
    <subfield code="8">53183480220006447</subfield>
  </datafield>
  <datafield tag="POC" ind1=" " ind2=" ">
    <subfield code="a">53183480220006447</subfield>
    <subfield code="b">2017</subfield>
    <subfield code="c">2022</subfield>
    <subfield code="d">1</subfield>
    <subfield code="e">12</subfield>
    <subfield code="f">1</subfield>
    <subfield code="g">31</subfield>
    <subfield code="h">18</subfield>
    <subfield code="i">23</subfield>
    <subfield code="k">3</subfield>
  </datafield>
  <datafield tag="POR" ind1=" " ind2=" ">
    <subfield code="j">Ezb</subfield>
    <subfield code="x">System</subfield>
    <subfield code="a">53183521510006447</subfield>
    <subfield code="M">49HBZ_WUP</subfield>
    <subfield code="p">61183407260006447</subfield>
    <subfield code="q">EZB-ELDEA-01987 Elsevier DEAL Freedom Collection</subfield>
    <subfield code="c">param</subfield>
    <subfield code="o">614970000000000989</subfield>
    <subfield code="y">2024-07-02 11:12:18 Europe/Berlin</subfield>
    <subfield code="w">2024-07-02 11:12:18 Europe/Berlin</subfield>
    <subfield code="D">https://eu04.alma.exlibrisgroup.com/view/uresolver/49HBZ_NETWORK/openurl?u.ignore_date_coverage=true&amp;portfolio_pid=53183521510006447&amp;Force_direct=true</subfield>
    <subfield code="v">System</subfield>
    <subfield code="z">2024-07-02 09:12:18</subfield>
    <subfield code="n"> Available from 2017 volume: 18 until 2022 volume: 23 issue: 3.</subfield>
    <subfield code="i">false</subfield>
    <subfield code="S">62183407250006447</subfield>
    <subfield code="d">https://hbz-network.userservices.exlibrisgroup.com/view/uresolver/49HBZ_NETWORK/openurl?u.ignore_date_coverage=true&amp;rft.mms_id=9916126923206447</subfield>
    <subfield code="b">Available</subfield>
    <subfield code="f">JOURNAL</subfield>
    <subfield code="8">53183521510006447</subfield>
  </datafield>
  <datafield tag="POC" ind1=" " ind2=" ">
    <subfield code="a">53183521510006447</subfield>
    <subfield code="b">2017</subfield>
    <subfield code="c">2022</subfield>
    <subfield code="d">1</subfield>
    <subfield code="e">12</subfield>
    <subfield code="f">1</subfield>
    <subfield code="g">31</subfield>
    <subfield code="h">18</subfield>
    <subfield code="i">23</subfield>
    <subfield code="k">3</subfield>
  </datafield>
  <datafield tag="POR" ind1=" " ind2=" ">
    <subfield code="j">Elsevier ScienceDirect</subfield>
    <subfield code="x">System</subfield>
    <subfield code="a">53182726890006447</subfield>
    <subfield code="M">49HBZ_WUP</subfield>
    <subfield code="p">61182667350006447</subfield>
    <subfield code="q">EZB-ELDEA-01991 Elsevier DEAL Core Hybrid</subfield>
    <subfield code="c">param</subfield>
    <subfield code="o">615490000000002295</subfield>
    <subfield code="y">2025-09-18 04:22:02 Europe/Berlin</subfield>
    <subfield code="w">2024-06-06 15:08:30 Europe/Berlin</subfield>
    <subfield code="D">https://eu04.alma.exlibrisgroup.com/view/uresolver/49HBZ_NETWORK/openurl?u.ignore_date_coverage=true&amp;portfolio_pid=53182726890006447&amp;Force_direct=true</subfield>
    <subfield code="v">System</subfield>
    <subfield code="z">2024-06-06 13:08:30</subfield>
    <subfield code="n"> Available from 2023.</subfield>
    <subfield code="i">false</subfield>
    <subfield code="S">62182667340006447</subfield>
    <subfield code="d">https://hbz-network.userservices.exlibrisgroup.com/view/uresolver/49HBZ_NETWORK/openurl?u.ignore_date_coverage=true&amp;rft.mms_id=9916126923206447</subfield>
    <subfield code="b">Available</subfield>
    <subfield code="f">JOURNAL</subfield>
    <subfield code="8">53182726890006447</subfield>
  </datafield>
  <datafield tag="POC" ind1=" " ind2=" ">
    <subfield code="a">53182726890006447</subfield>
    <subfield code="b">2023</subfield>
    <subfield code="d">1</subfield>
    <subfield code="f">1</subfield>
  </datafield>
  <datafield tag="POR" ind1=" " ind2=" ">
    <subfield code="j">Elsevier ScienceDirect</subfield>
    <subfield code="x">System</subfield>
    <subfield code="a">5334222740006478</subfield>
    <subfield code="M">49HBZ_ZBS</subfield>
    <subfield code="p">6134197360006478</subfield>
    <subfield code="q">EZB-ELDEA-01991 - Elsevier DEAL Core Hybrid</subfield>
    <subfield code="c">param</subfield>
    <subfield code="o">615490000000002295</subfield>
    <subfield code="y">2025-09-18 03:55:23 Europe/Berlin</subfield>
    <subfield code="w">2024-06-13 10:53:14 Europe/Berlin</subfield>
    <subfield code="D">https://eu04.alma.exlibrisgroup.com/view/uresolver/49HBZ_NETWORK/openurl?u.ignore_date_coverage=true&amp;portfolio_pid=5334222740006478&amp;Force_direct=true</subfield>
    <subfield code="v">System</subfield>
    <subfield code="z">2024-06-13 08:53:14</subfield>
    <subfield code="n"> Available from 2023.</subfield>
    <subfield code="i">false</subfield>
    <subfield code="S">6234197350006478</subfield>
    <subfield code="d">https://hbz-network.userservices.exlibrisgroup.com/view/uresolver/49HBZ_NETWORK/openurl?u.ignore_date_coverage=true&amp;rft.mms_id=998510046906478</subfield>
    <subfield code="b">Available</subfield>
    <subfield code="f">JOURNAL</subfield>
    <subfield code="8">5334222740006478</subfield>
  </datafield>
  <datafield tag="POC" ind1=" " ind2=" ">
    <subfield code="a">5334222740006478</subfield>
    <subfield code="b">2023</subfield>
    <subfield code="d">1</subfield>
    <subfield code="f">1</subfield>
  </datafield>
  <datafield tag="POR" ind1=" " ind2=" ">
    <subfield code="j">Ezb</subfield>
    <subfield code="x">System</subfield>
    <subfield code="a">5334269410006478</subfield>
    <subfield code="M">49HBZ_ZBS</subfield>
    <subfield code="p">6134197300006478</subfield>
    <subfield code="q">EZB-ELDEA-01987 Elsevier DEAL Freedom Collection - 	Elsevier DEAL Freedom Collection</subfield>
    <subfield code="c">param</subfield>
    <subfield code="o">614970000000000989</subfield>
    <subfield code="y">2024-06-13 11:02:30 Europe/Berlin</subfield>
    <subfield code="w">2024-06-13 11:02:30 Europe/Berlin</subfield>
    <subfield code="D">https://eu04.alma.exlibrisgroup.com/view/uresolver/49HBZ_NETWORK/openurl?u.ignore_date_coverage=true&amp;portfolio_pid=5334269410006478&amp;Force_direct=true</subfield>
    <subfield code="v">System</subfield>
    <subfield code="z">2024-06-13 09:02:30</subfield>
    <subfield code="n"> Available from 2017 volume: 18 until 2022 volume: 23 issue: 3.</subfield>
    <subfield code="i">false</subfield>
    <subfield code="S">6234197290006478</subfield>
    <subfield code="d">https://hbz-network.userservices.exlibrisgroup.com/view/uresolver/49HBZ_NETWORK/openurl?u.ignore_date_coverage=true&amp;rft.mms_id=998510046906478</subfield>
    <subfield code="b">Available</subfield>
    <subfield code="f">JOURNAL</subfield>
    <subfield code="8">5334269410006478</subfield>
  </datafield>
  <datafield tag="POC" ind1=" " ind2=" ">
    <subfield code="a">5334269410006478</subfield>
    <subfield code="b">2017</subfield>
    <subfield code="c">2022</subfield>
    <subfield code="d">1</subfield>
    <subfield code="e">12</subfield>
    <subfield code="f">1</subfield>
    <subfield code="g">31</subfield>
    <subfield code="h">18</subfield>
    <subfield code="i">23</subfield>
    <subfield code="k">3</subfield>
  </datafield>
  <datafield tag="POR" ind1=" " ind2=" ">
    <subfield code="j">Elsevier ScienceDirect</subfield>
    <subfield code="x">kzimmerm</subfield>
    <subfield code="a">5364031490006485</subfield>
    <subfield code="h">fhms-ez</subfield>
    <subfield code="M">49HBZ_FHM</subfield>
    <subfield code="p">6163868370006485</subfield>
    <subfield code="q">Elsevier DEAL Zeitschriften EZB-ELDEA-01989</subfield>
    <subfield code="c">static</subfield>
    <subfield code="B">Lokale Sammlung für EZB-ELDEA-01989
https://ezb.ur.de/api/collections/EZB-ELDEA-01989
</subfield>
    <subfield code="y">2024-03-20 16:15:34 Europe/Berlin</subfield>
    <subfield code="u">POL-2024-9691</subfield>
    <subfield code="w">2024-03-20 15:10:27 Europe/Berlin</subfield>
    <subfield code="D">https://eu04.alma.exlibrisgroup.com/view/uresolver/49HBZ_NETWORK/openurl?u.ignore_date_coverage=true&amp;portfolio_pid=5364031490006485&amp;Force_direct=true</subfield>
    <subfield code="v">System</subfield>
    <subfield code="z">2024-03-20 14:10:27</subfield>
    <subfield code="i">true</subfield>
    <subfield code="t">POL-2024-9690</subfield>
    <subfield code="S">6263868360006485</subfield>
    <subfield code="d">https://hbz-network.userservices.exlibrisgroup.com/view/uresolver/49HBZ_NETWORK/openurl?u.ignore_date_coverage=true&amp;rft.mms_id=991006534279106485</subfield>
    <subfield code="b">Available</subfield>
    <subfield code="e">https://www.sciencedirect.com/science/journal/24451460</subfield>
    <subfield code="8">5364031490006485</subfield>
  </datafield>
  <datafield tag="POR" ind1=" " ind2=" ">
    <subfield code="j">Ezb</subfield>
    <subfield code="x">System</subfield>
    <subfield code="a">5365843660006451</subfield>
    <subfield code="M">49HBZ_FDO</subfield>
    <subfield code="p">6165710460006451</subfield>
    <subfield code="q">EZB-ELDEA-01989 Elsevier DEAL Archive</subfield>
    <subfield code="c">param</subfield>
    <subfield code="o">614900000000002864</subfield>
    <subfield code="y">2024-11-22 12:06:59 Europe/Berlin</subfield>
    <subfield code="w">2024-11-22 12:06:59 Europe/Berlin</subfield>
    <subfield code="D">https://eu04.alma.exlibrisgroup.com/view/uresolver/49HBZ_NETWORK/openurl?u.ignore_date_coverage=true&amp;portfolio_pid=5365843660006451&amp;Force_direct=true</subfield>
    <subfield code="v">System</subfield>
    <subfield code="z">2024-11-22 11:06:59</subfield>
    <subfield code="n"> Available from 2017 volume: 18 until 2022 volume: 23 issue: 3.</subfield>
    <subfield code="i">false</subfield>
    <subfield code="S">6265710450006451</subfield>
    <subfield code="d">https://hbz-network.userservices.exlibrisgroup.com/view/uresolver/49HBZ_NETWORK/openurl?u.ignore_date_coverage=true&amp;rft.mms_id=991005052185106451</subfield>
    <subfield code="b">Available</subfield>
    <subfield code="f">JOURNAL</subfield>
    <subfield code="8">5365843660006451</subfield>
  </datafield>
  <datafield tag="POC" ind1=" " ind2=" ">
    <subfield code="a">5365843660006451</subfield>
    <subfield code="b">2017</subfield>
    <subfield code="c">2022</subfield>
    <subfield code="d">1</subfield>
    <subfield code="e">12</subfield>
    <subfield code="f">1</subfield>
    <subfield code="g">31</subfield>
    <subfield code="h">18</subfield>
    <subfield code="i">23</subfield>
    <subfield code="k">3</subfield>
  </datafield>
  <datafield tag="POR" ind1=" " ind2=" ">
    <subfield code="j">Elsevier ScienceDirect</subfield>
    <subfield code="x">System</subfield>
    <subfield code="a">5365773130006451</subfield>
    <subfield code="M">49HBZ_FDO</subfield>
    <subfield code="p">6165710490006451</subfield>
    <subfield code="q">EZB-ELDEA-01991 Elsevier DEAL Core Hybrid</subfield>
    <subfield code="c">param</subfield>
    <subfield code="o">615490000000002295</subfield>
    <subfield code="y">2025-09-18 03:57:42 Europe/Berlin</subfield>
    <subfield code="w">2024-11-22 12:00:36 Europe/Berlin</subfield>
    <subfield code="D">https://eu04.alma.exlibrisgroup.com/view/uresolver/49HBZ_NETWORK/openurl?u.ignore_date_coverage=true&amp;portfolio_pid=5365773130006451&amp;Force_direct=true</subfield>
    <subfield code="v">System</subfield>
    <subfield code="z">2024-11-22 11:00:36</subfield>
    <subfield code="n"> Available from 2023.</subfield>
    <subfield code="i">false</subfield>
    <subfield code="S">6265710480006451</subfield>
    <subfield code="d">https://hbz-network.userservices.exlibrisgroup.com/view/uresolver/49HBZ_NETWORK/openurl?u.ignore_date_coverage=true&amp;rft.mms_id=991005052185106451</subfield>
    <subfield code="b">Available</subfield>
    <subfield code="f">JOURNAL</subfield>
    <subfield code="8">5365773130006451</subfield>
  </datafield>
  <datafield tag="POC" ind1=" " ind2=" ">
    <subfield code="a">5365773130006451</subfield>
    <subfield code="b">2023</subfield>
    <subfield code="d">1</subfield>
    <subfield code="f">1</subfield>
  </datafield>
  <datafield tag="POR" ind1=" " ind2=" ">
    <subfield code="j">Ezb</subfield>
    <subfield code="x">System</subfield>
    <subfield code="a">5365734180006451</subfield>
    <subfield code="M">49HBZ_FDO</subfield>
    <subfield code="p">6165710520006451</subfield>
    <subfield code="q">EZB-ELDEA-01987 Elsevier DEAL Freedom Collection</subfield>
    <subfield code="c">param</subfield>
    <subfield code="o">614970000000000989</subfield>
    <subfield code="y">2024-11-22 11:52:04 Europe/Berlin</subfield>
    <subfield code="w">2024-11-22 11:52:04 Europe/Berlin</subfield>
    <subfield code="D">https://eu04.alma.exlibrisgroup.com/view/uresolver/49HBZ_NETWORK/openurl?u.ignore_date_coverage=true&amp;portfolio_pid=5365734180006451&amp;Force_direct=true</subfield>
    <subfield code="v">System</subfield>
    <subfield code="z">2024-11-22 10:52:04</subfield>
    <subfield code="n"> Available from 2017 volume: 18 until 2022 volume: 23 issue: 3.</subfield>
    <subfield code="i">false</subfield>
    <subfield code="t">POL-2024-3889</subfield>
    <subfield code="S">6265710510006451</subfield>
    <subfield code="d">https://hbz-network.userservices.exlibrisgroup.com/view/uresolver/49HBZ_NETWORK/openurl?u.ignore_date_coverage=true&amp;rft.mms_id=991005052185106451</subfield>
    <subfield code="b">Available</subfield>
    <subfield code="f">JOURNAL</subfield>
    <subfield code="8">5365734180006451</subfield>
  </datafield>
  <datafield tag="POC" ind1=" " ind2=" ">
    <subfield code="a">5365734180006451</subfield>
    <subfield code="b">2017</subfield>
    <subfield code="c">2022</subfield>
    <subfield code="d">1</subfield>
    <subfield code="e">12</subfield>
    <subfield code="f">1</subfield>
    <subfield code="g">31</subfield>
    <subfield code="h">18</subfield>
    <subfield code="i">23</subfield>
    <subfield code="k">3</subfield>
  </datafield>
  <datafield tag="POR" ind1=" " ind2=" ">
    <subfield code="j">Elsevier ScienceDirect</subfield>
    <subfield code="x">System</subfield>
    <subfield code="a">53101504780006461</subfield>
    <subfield code="h">DEFAULT</subfield>
    <subfield code="M">49HBZ_FSW</subfield>
    <subfield code="k">Online-Zugriff: 
- Off-Campus-Zugang
- Shibboleth 
Hinweis: Funktioniert der Zugriff auf einen Titel nicht, so prüfen Sie in ScienceDirect oben rechts über das Turmsymbol, welcher Institution Sie zugeordnet sind und wechseln zu University of Applied Sciences South Westphalia, General Access. 
</subfield>
    <subfield code="p">61101408330006461</subfield>
    <subfield code="r">elsevier_deal</subfield>
    <subfield code="q">Elsevier ScienceDirect: Journals and Books</subfield>
    <subfield code="c">param</subfield>
    <subfield code="o">613840000000000010</subfield>
    <subfield code="y">2024-03-01 12:48:07 Europe/Berlin</subfield>
    <subfield code="u">Bestellposten-2024-7025</subfield>
    <subfield code="w">2024-03-01 12:47:17 Europe/Berlin</subfield>
    <subfield code="D">https://eu04.alma.exlibrisgroup.com/view/uresolver/49HBZ_NETWORK/openurl?u.ignore_date_coverage=true&amp;portfolio_pid=53101504780006461&amp;Force_direct=true</subfield>
    <subfield code="s">Elsevier Zeitschriften DEAL (2024 - 2028)</subfield>
    <subfield code="v">System</subfield>
    <subfield code="z">2024-03-01 11:47:17</subfield>
    <subfield code="i">true</subfield>
    <subfield code="t">Bestellposten-2024-6601</subfield>
    <subfield code="S">62101408310006461</subfield>
    <subfield code="d">https://hbz-network.userservices.exlibrisgroup.com/view/uresolver/49HBZ_NETWORK/openurl?u.ignore_date_coverage=true&amp;rft.mms_id=9916327734606461</subfield>
    <subfield code="b">Available</subfield>
    <subfield code="8">53101504780006461</subfield>
  </datafield>
  <datafield tag="POR" ind1=" " ind2=" ">
    <subfield code="j">Elsevier ScienceDirect</subfield>
    <subfield code="x">System</subfield>
    <subfield code="a">53175240560006464</subfield>
    <subfield code="h">DEFAULT</subfield>
    <subfield code="M">49HBZ_FUH</subfield>
    <subfield code="p">61166234800006464</subfield>
    <subfield code="q">Elsevier ScienceDirect Journals Complete</subfield>
    <subfield code="c">param</subfield>
    <subfield code="o">613840000000000010</subfield>
    <subfield code="y">2025-10-02 03:04:52 Europe/Berlin</subfield>
    <subfield code="w">2025-10-02 03:04:38 Europe/Berlin</subfield>
    <subfield code="D">https://eu04.alma.exlibrisgroup.com/view/uresolver/49HBZ_NETWORK/openurl?u.ignore_date_coverage=true&amp;portfolio_pid=53175240560006464&amp;Force_direct=true</subfield>
    <subfield code="v">System</subfield>
    <subfield code="z">2025-10-02 01:04:38</subfield>
    <subfield code="n"> Available from 01/01/2017 volume: 18 issue: 1.</subfield>
    <subfield code="i">true</subfield>
    <subfield code="S">62166234790006464</subfield>
    <subfield code="d">https://hbz-network.userservices.exlibrisgroup.com/view/uresolver/49HBZ_NETWORK/openurl?u.ignore_date_coverage=true&amp;rft.mms_id=99382081869206464</subfield>
    <subfield code="b">Available</subfield>
    <subfield code="f">JOURNAL</subfield>
    <subfield code="8">53175240560006464</subfield>
  </datafield>
  <datafield tag="POC" ind1=" " ind2=" ">
    <subfield code="a">53175240560006464</subfield>
    <subfield code="b">2017</subfield>
    <subfield code="d">01</subfield>
    <subfield code="f">01</subfield>
    <subfield code="h">18</subfield>
    <subfield code="j">1</subfield>
  </datafield>
  <datafield tag="POR" ind1=" " ind2=" ">
    <subfield code="j">Ezb</subfield>
    <subfield code="x">System</subfield>
    <subfield code="a">53149512910006444</subfield>
    <subfield code="M">49HBZ_FHA</subfield>
    <subfield code="p">61149486370006444</subfield>
    <subfield code="q">EZB-ELDEA-01987 Elsevier DEAL Freedom Collection</subfield>
    <subfield code="c">param</subfield>
    <subfield code="o">614970000000000989</subfield>
    <subfield code="y">2025-08-14 14:27:04 Europe/Berlin</subfield>
    <subfield code="w">2025-08-14 14:27:04 Europe/Berlin</subfield>
    <subfield code="D">https://eu04.alma.exlibrisgroup.com/view/uresolver/49HBZ_NETWORK/openurl?u.ignore_date_coverage=true&amp;portfolio_pid=53149512910006444&amp;Force_direct=true</subfield>
    <subfield code="v">System</subfield>
    <subfield code="z">2025-08-14 12:27:04</subfield>
    <subfield code="n"> Available from 2017 volume: 18 until 2022 volume: 23 issue: 3.</subfield>
    <subfield code="i">false</subfield>
    <subfield code="S">62149486360006444</subfield>
    <subfield code="d">https://hbz-network.userservices.exlibrisgroup.com/view/uresolver/49HBZ_NETWORK/openurl?u.ignore_date_coverage=true&amp;rft.mms_id=991006122982606444</subfield>
    <subfield code="b">Available</subfield>
    <subfield code="f">JOURNAL</subfield>
    <subfield code="8">53149512910006444</subfield>
  </datafield>
  <datafield tag="POC" ind1=" " ind2=" ">
    <subfield code="a">53149512910006444</subfield>
    <subfield code="b">2017</subfield>
    <subfield code="c">2022</subfield>
    <subfield code="d">1</subfield>
    <subfield code="e">12</subfield>
    <subfield code="f">1</subfield>
    <subfield code="g">31</subfield>
    <subfield code="h">18</subfield>
    <subfield code="i">23</subfield>
    <subfield code="k">3</subfield>
  </datafield>
  <datafield tag="POR" ind1=" " ind2=" ">
    <subfield code="j">Elsevier ScienceDirect</subfield>
    <subfield code="x">System</subfield>
    <subfield code="a">53149575850006444</subfield>
    <subfield code="M">49HBZ_FHA</subfield>
    <subfield code="p">61149486310006444</subfield>
    <subfield code="q">EZB-ELDEA-01991 Elsevier DEAL Core Hybrid</subfield>
    <subfield code="c">param</subfield>
    <subfield code="o">615490000000002295</subfield>
    <subfield code="y">2025-09-18 01:42:49 Europe/Berlin</subfield>
    <subfield code="w">2025-08-14 14:45:43 Europe/Berlin</subfield>
    <subfield code="D">https://eu04.alma.exlibrisgroup.com/view/uresolver/49HBZ_NETWORK/openurl?u.ignore_date_coverage=true&amp;portfolio_pid=53149575850006444&amp;Force_direct=true</subfield>
    <subfield code="v">System</subfield>
    <subfield code="z">2025-08-14 12:45:43</subfield>
    <subfield code="n"> Available from 2023.</subfield>
    <subfield code="i">false</subfield>
    <subfield code="S">62149486300006444</subfield>
    <subfield code="d">https://hbz-network.userservices.exlibrisgroup.com/view/uresolver/49HBZ_NETWORK/openurl?u.ignore_date_coverage=true&amp;rft.mms_id=991006122982606444</subfield>
    <subfield code="b">Available</subfield>
    <subfield code="f">JOURNAL</subfield>
    <subfield code="8">53149575850006444</subfield>
  </datafield>
  <datafield tag="POC" ind1=" " ind2=" ">
    <subfield code="a">53149575850006444</subfield>
    <subfield code="b">2023</subfield>
    <subfield code="d">1</subfield>
    <subfield code="f">1</subfield>
  </datafield>
  <datafield tag="POR" ind1=" " ind2=" ">
    <subfield code="j">Ezb</subfield>
    <subfield code="x">System</subfield>
    <subfield code="a">5331890850006454</subfield>
    <subfield code="M">49HBZ_HBO</subfield>
    <subfield code="p">6131865110006454</subfield>
    <subfield code="q">Elsevier DEAL Freedom Collection</subfield>
    <subfield code="c">param</subfield>
    <subfield code="o">614970000000000989</subfield>
    <subfield code="y">2024-06-10 11:36:21 Europe/Berlin</subfield>
    <subfield code="w">2024-06-10 11:36:21 Europe/Berlin</subfield>
    <subfield code="D">https://eu04.alma.exlibrisgroup.com/view/uresolver/49HBZ_NETWORK/openurl?u.ignore_date_coverage=true&amp;portfolio_pid=5331890850006454&amp;Force_direct=true</subfield>
    <subfield code="v">System</subfield>
    <subfield code="z">2024-06-10 09:36:21</subfield>
    <subfield code="n"> Available from 2017 volume: 18 until 2022 volume: 23 issue: 3.</subfield>
    <subfield code="i">false</subfield>
    <subfield code="S">6231865100006454</subfield>
    <subfield code="d">https://hbz-network.userservices.exlibrisgroup.com/view/uresolver/49HBZ_NETWORK/openurl?u.ignore_date_coverage=true&amp;rft.mms_id=991000475794206454</subfield>
    <subfield code="b">Available</subfield>
    <subfield code="f">JOURNAL</subfield>
    <subfield code="8">5331890850006454</subfield>
  </datafield>
  <datafield tag="POC" ind1=" " ind2=" ">
    <subfield code="a">5331890850006454</subfield>
    <subfield code="b">2017</subfield>
    <subfield code="c">2022</subfield>
    <subfield code="d">1</subfield>
    <subfield code="e">12</subfield>
    <subfield code="f">1</subfield>
    <subfield code="g">31</subfield>
    <subfield code="h">18</subfield>
    <subfield code="i">23</subfield>
    <subfield code="k">3</subfield>
  </datafield>
  <datafield tag="POR" ind1=" " ind2=" ">
    <subfield code="j">Elsevier ScienceDirect</subfield>
    <subfield code="x">System</subfield>
    <subfield code="a">5335291100006454</subfield>
    <subfield code="M">49HBZ_HBO</subfield>
    <subfield code="p">6134753920006454</subfield>
    <subfield code="q">Elsevier DEAL Core Hybrid</subfield>
    <subfield code="c">param</subfield>
    <subfield code="o">615490000000002295</subfield>
    <subfield code="y">2025-09-18 04:02:20 Europe/Berlin</subfield>
    <subfield code="w">2024-06-05 14:54:53 Europe/Berlin</subfield>
    <subfield code="D">https://eu04.alma.exlibrisgroup.com/view/uresolver/49HBZ_NETWORK/openurl?u.ignore_date_coverage=true&amp;portfolio_pid=5335291100006454&amp;Force_direct=true</subfield>
    <subfield code="v">MERGE</subfield>
    <subfield code="z">2024-06-05 12:54:53</subfield>
    <subfield code="n"> Available from 2023.</subfield>
    <subfield code="i">false</subfield>
    <subfield code="S">6234753910006454</subfield>
    <subfield code="d">https://hbz-network.userservices.exlibrisgroup.com/view/uresolver/49HBZ_NETWORK/openurl?u.ignore_date_coverage=true&amp;rft.mms_id=991000475794206454</subfield>
    <subfield code="b">Available</subfield>
    <subfield code="f">JOURNAL</subfield>
    <subfield code="8">5335291100006454</subfield>
  </datafield>
  <datafield tag="POC" ind1=" " ind2=" ">
    <subfield code="a">5335291100006454</subfield>
    <subfield code="b">2023</subfield>
    <subfield code="d">1</subfield>
    <subfield code="f">1</subfield>
  </datafield>
  <datafield tag="POR" ind1=" " ind2=" ">
    <subfield code="j">Elsevier ScienceDirect</subfield>
    <subfield code="x">System</subfield>
    <subfield code="a">53115444900006452</subfield>
    <subfield code="M">49HBZ_BRS</subfield>
    <subfield code="p">6177155210006452</subfield>
    <subfield code="q">Elsevier ScienceDirect Journals</subfield>
    <subfield code="c">param</subfield>
    <subfield code="B">Automatisches Laden der Holdings durch den Verlag</subfield>
    <subfield code="o">613840000000000010</subfield>
    <subfield code="y">2025-11-08 00:07:43 Europe/Berlin</subfield>
    <subfield code="w">2025-11-08 00:07:32 Europe/Berlin</subfield>
    <subfield code="D">https://eu04.alma.exlibrisgroup.com/view/uresolver/49HBZ_NETWORK/openurl?u.ignore_date_coverage=true&amp;portfolio_pid=53115444900006452&amp;Force_direct=true</subfield>
    <subfield code="v">System</subfield>
    <subfield code="z">2025-11-07 23:07:32</subfield>
    <subfield code="n"> Available from 01/01/2017 volume: 18 issue: 1.</subfield>
    <subfield code="i">false</subfield>
    <subfield code="t">POL-2023-5804</subfield>
    <subfield code="S">6277155200006452</subfield>
    <subfield code="d">https://hbz-network.userservices.exlibrisgroup.com/view/uresolver/49HBZ_NETWORK/openurl?u.ignore_date_coverage=true&amp;rft.mms_id=991006017459306452</subfield>
    <subfield code="b">Available</subfield>
    <subfield code="f">JOURNAL</subfield>
    <subfield code="8">53115444900006452</subfield>
  </datafield>
  <datafield tag="POC" ind1=" " ind2=" ">
    <subfield code="a">53115444900006452</subfield>
    <subfield code="b">2017</subfield>
    <subfield code="d">01</subfield>
    <subfield code="f">01</subfield>
    <subfield code="h">18</subfield>
    <subfield code="j">1</subfield>
  </datafield>
  <datafield tag="POR" ind1=" " ind2=" ">
    <subfield code="j">Ezb</subfield>
    <subfield code="x">System</subfield>
    <subfield code="a">5347731290006455</subfield>
    <subfield code="h">DEFAULT</subfield>
    <subfield code="M">49HBZ_HSD</subfield>
    <subfield code="p">6147586210006455</subfield>
    <subfield code="q">EZB-ELDEA-01987 Elsevier DEAL Freedom Collection</subfield>
    <subfield code="c">param</subfield>
    <subfield code="o">614970000000000989</subfield>
    <subfield code="y">2024-06-17 09:19:28 Europe/Berlin</subfield>
    <subfield code="w">2024-06-17 09:19:28 Europe/Berlin</subfield>
    <subfield code="D">https://eu04.alma.exlibrisgroup.com/view/uresolver/49HBZ_NETWORK/openurl?u.ignore_date_coverage=true&amp;portfolio_pid=5347731290006455&amp;Force_direct=true</subfield>
    <subfield code="v">System</subfield>
    <subfield code="z">2024-06-17 07:19:28</subfield>
    <subfield code="n"> Available from 2017 volume: 18 until 2022 volume: 23 issue: 3.</subfield>
    <subfield code="i">true</subfield>
    <subfield code="S">6247586200006455</subfield>
    <subfield code="d">https://hbz-network.userservices.exlibrisgroup.com/view/uresolver/49HBZ_NETWORK/openurl?u.ignore_date_coverage=true&amp;rft.mms_id=991005707930806455</subfield>
    <subfield code="b">Available</subfield>
    <subfield code="f">JOURNAL</subfield>
    <subfield code="8">5347731290006455</subfield>
  </datafield>
  <datafield tag="POC" ind1=" " ind2=" ">
    <subfield code="a">5347731290006455</subfield>
    <subfield code="b">2017</subfield>
    <subfield code="c">2022</subfield>
    <subfield code="d">1</subfield>
    <subfield code="e">12</subfield>
    <subfield code="f">1</subfield>
    <subfield code="g">31</subfield>
    <subfield code="h">18</subfield>
    <subfield code="i">23</subfield>
    <subfield code="k">3</subfield>
  </datafield>
  <datafield tag="POR" ind1=" " ind2=" ">
    <subfield code="j">Ezb</subfield>
    <subfield code="x">System</subfield>
    <subfield code="a">5347612210006455</subfield>
    <subfield code="h">DEFAULT</subfield>
    <subfield code="M">49HBZ_HSD</subfield>
    <subfield code="p">6147586270006455</subfield>
    <subfield code="q">EZB-ELDEA-01989 Elsevier DEAL Archive</subfield>
    <subfield code="c">param</subfield>
    <subfield code="o">614900000000002864</subfield>
    <subfield code="y">2024-06-17 09:11:27 Europe/Berlin</subfield>
    <subfield code="w">2024-06-17 09:11:27 Europe/Berlin</subfield>
    <subfield code="D">https://eu04.alma.exlibrisgroup.com/view/uresolver/49HBZ_NETWORK/openurl?u.ignore_date_coverage=true&amp;portfolio_pid=5347612210006455&amp;Force_direct=true</subfield>
    <subfield code="v">System</subfield>
    <subfield code="z">2024-06-17 07:11:27</subfield>
    <subfield code="n"> Available from 2017 volume: 18 until 2022 volume: 23 issue: 3.</subfield>
    <subfield code="i">true</subfield>
    <subfield code="S">6247586260006455</subfield>
    <subfield code="d">https://hbz-network.userservices.exlibrisgroup.com/view/uresolver/49HBZ_NETWORK/openurl?u.ignore_date_coverage=true&amp;rft.mms_id=991005707930806455</subfield>
    <subfield code="b">Available</subfield>
    <subfield code="f">JOURNAL</subfield>
    <subfield code="8">5347612210006455</subfield>
  </datafield>
  <datafield tag="POC" ind1=" " ind2=" ">
    <subfield code="a">5347612210006455</subfield>
    <subfield code="b">2017</subfield>
    <subfield code="c">2022</subfield>
    <subfield code="d">1</subfield>
    <subfield code="e">12</subfield>
    <subfield code="f">1</subfield>
    <subfield code="g">31</subfield>
    <subfield code="h">18</subfield>
    <subfield code="i">23</subfield>
    <subfield code="k">3</subfield>
  </datafield>
  <datafield tag="POR" ind1=" " ind2=" ">
    <subfield code="j">Elsevier ScienceDirect</subfield>
    <subfield code="x">System</subfield>
    <subfield code="a">5347682580006455</subfield>
    <subfield code="h">DEFAULT</subfield>
    <subfield code="M">49HBZ_HSD</subfield>
    <subfield code="p">6147586240006455</subfield>
    <subfield code="q">EZB-ELDEA-01991 Elsevier DEAL Core Hybrid</subfield>
    <subfield code="c">param</subfield>
    <subfield code="o">615490000000002295</subfield>
    <subfield code="y">2025-09-18 04:02:26 Europe/Berlin</subfield>
    <subfield code="w">2024-06-17 09:15:46 Europe/Berlin</subfield>
    <subfield code="D">https://eu04.alma.exlibrisgroup.com/view/uresolver/49HBZ_NETWORK/openurl?u.ignore_date_coverage=true&amp;portfolio_pid=5347682580006455&amp;Force_direct=true</subfield>
    <subfield code="v">System</subfield>
    <subfield code="z">2024-06-17 07:15:46</subfield>
    <subfield code="n"> Available from 2023.</subfield>
    <subfield code="i">true</subfield>
    <subfield code="S">6247586230006455</subfield>
    <subfield code="d">https://hbz-network.userservices.exlibrisgroup.com/view/uresolver/49HBZ_NETWORK/openurl?u.ignore_date_coverage=true&amp;rft.mms_id=991005707930806455</subfield>
    <subfield code="b">Available</subfield>
    <subfield code="f">JOURNAL</subfield>
    <subfield code="8">5347682580006455</subfield>
  </datafield>
  <datafield tag="POC" ind1=" " ind2=" ">
    <subfield code="a">5347682580006455</subfield>
    <subfield code="b">2023</subfield>
    <subfield code="d">1</subfield>
    <subfield code="f">1</subfield>
  </datafield>
  <datafield tag="POR" ind1=" " ind2=" ">
    <subfield code="j">Ezb</subfield>
    <subfield code="x">System</subfield>
    <subfield code="a">5355416000006482</subfield>
    <subfield code="M">49HBZ_HHL</subfield>
    <subfield code="p">6155387800006482</subfield>
    <subfield code="q">EZB-ELDEA-01987 Elsevier DEAL Freedom Collection</subfield>
    <subfield code="c">param</subfield>
    <subfield code="o">614970000000000989</subfield>
    <subfield code="y">2024-06-10 13:08:12 Europe/Berlin</subfield>
    <subfield code="w">2024-06-10 13:08:12 Europe/Berlin</subfield>
    <subfield code="D">https://eu04.alma.exlibrisgroup.com/view/uresolver/49HBZ_NETWORK/openurl?u.ignore_date_coverage=true&amp;portfolio_pid=5355416000006482&amp;Force_direct=true</subfield>
    <subfield code="v">System</subfield>
    <subfield code="z">2024-06-10 11:08:12</subfield>
    <subfield code="n"> Available from 2017 volume: 18 until 2022 volume: 23 issue: 3.</subfield>
    <subfield code="i">false</subfield>
    <subfield code="S">6255387790006482</subfield>
    <subfield code="d">https://hbz-network.userservices.exlibrisgroup.com/view/uresolver/49HBZ_NETWORK/openurl?u.ignore_date_coverage=true&amp;rft.mms_id=991001258497206482</subfield>
    <subfield code="b">Available</subfield>
    <subfield code="f">JOURNAL</subfield>
    <subfield code="8">5355416000006482</subfield>
  </datafield>
  <datafield tag="POC" ind1=" " ind2=" ">
    <subfield code="a">5355416000006482</subfield>
    <subfield code="b">2017</subfield>
    <subfield code="c">2022</subfield>
    <subfield code="d">1</subfield>
    <subfield code="e">12</subfield>
    <subfield code="f">1</subfield>
    <subfield code="g">31</subfield>
    <subfield code="h">18</subfield>
    <subfield code="i">23</subfield>
    <subfield code="k">3</subfield>
  </datafield>
  <datafield tag="POR" ind1=" " ind2=" ">
    <subfield code="j">Elsevier ScienceDirect</subfield>
    <subfield code="x">System</subfield>
    <subfield code="a">5346544450006482</subfield>
    <subfield code="M">49HBZ_HHL</subfield>
    <subfield code="p">6146537800006482</subfield>
    <subfield code="q">EZB-ELDEA-01991 Elsevier DEAL Core Hybrid</subfield>
    <subfield code="c">param</subfield>
    <subfield code="o">615490000000002295</subfield>
    <subfield code="y">2025-09-18 04:21:12 Europe/Berlin</subfield>
    <subfield code="w">2024-06-04 12:04:19 Europe/Berlin</subfield>
    <subfield code="D">https://eu04.alma.exlibrisgroup.com/view/uresolver/49HBZ_NETWORK/openurl?u.ignore_date_coverage=true&amp;portfolio_pid=5346544450006482&amp;Force_direct=true</subfield>
    <subfield code="v">System</subfield>
    <subfield code="z">2024-06-04 10:04:19</subfield>
    <subfield code="n"> Available from 2023.</subfield>
    <subfield code="i">false</subfield>
    <subfield code="S">6246537790006482</subfield>
    <subfield code="d">https://hbz-network.userservices.exlibrisgroup.com/view/uresolver/49HBZ_NETWORK/openurl?u.ignore_date_coverage=true&amp;rft.mms_id=991001258497206482</subfield>
    <subfield code="b">Available</subfield>
    <subfield code="f">JOURNAL</subfield>
    <subfield code="8">5346544450006482</subfield>
  </datafield>
  <datafield tag="POC" ind1=" " ind2=" ">
    <subfield code="a">5346544450006482</subfield>
    <subfield code="b">2023</subfield>
    <subfield code="d">1</subfield>
    <subfield code="f">1</subfield>
  </datafield>
  <datafield tag="POR" ind1=" " ind2=" ">
    <subfield code="j">Ezb</subfield>
    <subfield code="x">System</subfield>
    <subfield code="a">5315472960008980</subfield>
    <subfield code="M">49HBZ_HKL</subfield>
    <subfield code="p">6115359800008980</subfield>
    <subfield code="q">EZB-ELDEA-01987 Elsevier DEAL Freedom Collection</subfield>
    <subfield code="c">param</subfield>
    <subfield code="o">614970000000000989</subfield>
    <subfield code="y">2024-10-17 09:41:23 Europe/Berlin</subfield>
    <subfield code="w">2024-10-17 09:41:23 Europe/Berlin</subfield>
    <subfield code="D">https://eu04.alma.exlibrisgroup.com/view/uresolver/49HBZ_NETWORK/openurl?u.ignore_date_coverage=true&amp;portfolio_pid=5315472960008980&amp;Force_direct=true</subfield>
    <subfield code="v">System</subfield>
    <subfield code="z">2024-10-17 07:41:23</subfield>
    <subfield code="n"> Available from 2017 volume: 18 until 2022 volume: 23 issue: 3.</subfield>
    <subfield code="i">false</subfield>
    <subfield code="S">6215359790008980</subfield>
    <subfield code="d">https://hbz-network.userservices.exlibrisgroup.com/view/uresolver/49HBZ_NETWORK/openurl?u.ignore_date_coverage=true&amp;rft.mms_id=991000598609908980</subfield>
    <subfield code="b">Available</subfield>
    <subfield code="f">JOURNAL</subfield>
    <subfield code="8">5315472960008980</subfield>
  </datafield>
  <datafield tag="POC" ind1=" " ind2=" ">
    <subfield code="a">5315472960008980</subfield>
    <subfield code="b">2017</subfield>
    <subfield code="c">2022</subfield>
    <subfield code="d">1</subfield>
    <subfield code="e">12</subfield>
    <subfield code="f">1</subfield>
    <subfield code="g">31</subfield>
    <subfield code="h">18</subfield>
    <subfield code="i">23</subfield>
    <subfield code="k">3</subfield>
  </datafield>
  <datafield tag="POR" ind1=" " ind2=" ">
    <subfield code="j">Elsevier ScienceDirect</subfield>
    <subfield code="x">System</subfield>
    <subfield code="a">5315665800008980</subfield>
    <subfield code="M">49HBZ_HKL</subfield>
    <subfield code="p">6115359680008980</subfield>
    <subfield code="q">EZB-ELDEA-01991 Elsevier DEAL Core Hybrid</subfield>
    <subfield code="c">param</subfield>
    <subfield code="o">615490000000002295</subfield>
    <subfield code="y">2025-09-18 06:11:41 Europe/Berlin</subfield>
    <subfield code="w">2024-10-17 12:28:39 Europe/Berlin</subfield>
    <subfield code="D">https://eu04.alma.exlibrisgroup.com/view/uresolver/49HBZ_NETWORK/openurl?u.ignore_date_coverage=true&amp;portfolio_pid=5315665800008980&amp;Force_direct=true</subfield>
    <subfield code="v">System</subfield>
    <subfield code="z">2024-10-17 10:28:39</subfield>
    <subfield code="n"> Available from 2023.</subfield>
    <subfield code="i">false</subfield>
    <subfield code="S">6215359670008980</subfield>
    <subfield code="d">https://hbz-network.userservices.exlibrisgroup.com/view/uresolver/49HBZ_NETWORK/openurl?u.ignore_date_coverage=true&amp;rft.mms_id=991000598609908980</subfield>
    <subfield code="b">Available</subfield>
    <subfield code="f">JOURNAL</subfield>
    <subfield code="8">5315665800008980</subfield>
  </datafield>
  <datafield tag="POC" ind1=" " ind2=" ">
    <subfield code="a">5315665800008980</subfield>
    <subfield code="b">2023</subfield>
    <subfield code="d">1</subfield>
    <subfield code="f">1</subfield>
  </datafield>
  <datafield tag="POR" ind1=" " ind2=" ">
    <subfield code="j">Elsevier ScienceDirect</subfield>
    <subfield code="x">System</subfield>
    <subfield code="a">53155373220008976</subfield>
    <subfield code="M">49HBZ_HSL</subfield>
    <subfield code="p">61155359990008976</subfield>
    <subfield code="q">EZB-ELDEA-01991 Elsevier DEAL Core Hybrid</subfield>
    <subfield code="c">param</subfield>
    <subfield code="o">615490000000002295</subfield>
    <subfield code="y">2025-09-19 23:30:30 Europe/Berlin</subfield>
    <subfield code="w">2024-10-29 14:39:29 Europe/Berlin</subfield>
    <subfield code="D">https://eu04.alma.exlibrisgroup.com/view/uresolver/49HBZ_NETWORK/openurl?u.ignore_date_coverage=true&amp;portfolio_pid=53155373220008976&amp;Force_direct=true</subfield>
    <subfield code="v">System</subfield>
    <subfield code="z">2024-10-29 13:39:29</subfield>
    <subfield code="n"> Available from 2023.</subfield>
    <subfield code="i">false</subfield>
    <subfield code="t">24-POL-207</subfield>
    <subfield code="S">62155329840008976</subfield>
    <subfield code="d">https://hbz-network.userservices.exlibrisgroup.com/view/uresolver/49HBZ_NETWORK/openurl?u.ignore_date_coverage=true&amp;rft.mms_id=991002429606708976</subfield>
    <subfield code="b">Available</subfield>
    <subfield code="f">JOURNAL</subfield>
    <subfield code="8">53155373220008976</subfield>
  </datafield>
  <datafield tag="POC" ind1=" " ind2=" ">
    <subfield code="a">53155373220008976</subfield>
    <subfield code="b">2023</subfield>
    <subfield code="d">1</subfield>
    <subfield code="f">1</subfield>
  </datafield>
  <datafield tag="POR" ind1=" " ind2=" ">
    <subfield code="j">Ezb</subfield>
    <subfield code="x">System</subfield>
    <subfield code="a">5370522560008056</subfield>
    <subfield code="h">DEFAULT</subfield>
    <subfield code="M">49HBZ_HSN</subfield>
    <subfield code="p">6170492580008056</subfield>
    <subfield code="q">EZB-ELDEA-01989 Elsevier DEAL Archive</subfield>
    <subfield code="c">param</subfield>
    <subfield code="o">614900000000002864</subfield>
    <subfield code="y">2024-10-31 13:25:15 Europe/Berlin</subfield>
    <subfield code="w">2024-10-31 13:25:15 Europe/Berlin</subfield>
    <subfield code="D">https://eu04.alma.exlibrisgroup.com/view/uresolver/49HBZ_NETWORK/openurl?u.ignore_date_coverage=true&amp;portfolio_pid=5370522560008056&amp;Force_direct=true</subfield>
    <subfield code="v">System</subfield>
    <subfield code="z">2024-10-31 12:25:15</subfield>
    <subfield code="n"> Available from 2017 volume: 18 until 2022 volume: 23 issue: 3.</subfield>
    <subfield code="i">true</subfield>
    <subfield code="S">6270492570008056</subfield>
    <subfield code="d">https://hbz-network.userservices.exlibrisgroup.com/view/uresolver/49HBZ_NETWORK/openurl?u.ignore_date_coverage=true&amp;rft.mms_id=991009101643208056</subfield>
    <subfield code="b">Available</subfield>
    <subfield code="f">JOURNAL</subfield>
    <subfield code="8">5370522560008056</subfield>
  </datafield>
  <datafield tag="POC" ind1=" " ind2=" ">
    <subfield code="a">5370522560008056</subfield>
    <subfield code="b">2017</subfield>
    <subfield code="c">2022</subfield>
    <subfield code="d">1</subfield>
    <subfield code="e">12</subfield>
    <subfield code="f">1</subfield>
    <subfield code="g">31</subfield>
    <subfield code="h">18</subfield>
    <subfield code="i">23</subfield>
    <subfield code="k">3</subfield>
  </datafield>
  <datafield tag="POR" ind1=" " ind2=" ">
    <subfield code="j">Ezb</subfield>
    <subfield code="x">System</subfield>
    <subfield code="a">5352248300006468</subfield>
    <subfield code="M">49HBZ_OWL</subfield>
    <subfield code="p">6152233510006468</subfield>
    <subfield code="q">EZB-ELDEA-01987 Elsevier DEAL Freedom Collection</subfield>
    <subfield code="c">param</subfield>
    <subfield code="o">614970000000000989</subfield>
    <subfield code="y">2024-06-17 14:19:43 Europe/Berlin</subfield>
    <subfield code="w">2024-06-17 14:19:43 Europe/Berlin</subfield>
    <subfield code="D">https://eu04.alma.exlibrisgroup.com/view/uresolver/49HBZ_NETWORK/openurl?u.ignore_date_coverage=true&amp;portfolio_pid=5352248300006468&amp;Force_direct=true</subfield>
    <subfield code="v">System</subfield>
    <subfield code="z">2024-06-17 12:19:43</subfield>
    <subfield code="n"> Available from 2017 volume: 18 until 2022 volume: 23 issue: 3.</subfield>
    <subfield code="i">false</subfield>
    <subfield code="S">6252233500006468</subfield>
    <subfield code="d">https://hbz-network.userservices.exlibrisgroup.com/view/uresolver/49HBZ_NETWORK/openurl?u.ignore_date_coverage=true&amp;rft.mms_id=991004389559406468</subfield>
    <subfield code="b">Available</subfield>
    <subfield code="f">JOURNAL</subfield>
    <subfield code="8">5352248300006468</subfield>
  </datafield>
  <datafield tag="POC" ind1=" " ind2=" ">
    <subfield code="a">5352248300006468</subfield>
    <subfield code="b">2017</subfield>
    <subfield code="c">2022</subfield>
    <subfield code="d">1</subfield>
    <subfield code="e">12</subfield>
    <subfield code="f">1</subfield>
    <subfield code="g">31</subfield>
    <subfield code="h">18</subfield>
    <subfield code="i">23</subfield>
    <subfield code="k">3</subfield>
  </datafield>
  <datafield tag="POR" ind1=" " ind2=" ">
    <subfield code="j">Elsevier ScienceDirect</subfield>
    <subfield code="x">System</subfield>
    <subfield code="a">5352294240006468</subfield>
    <subfield code="M">49HBZ_OWL</subfield>
    <subfield code="p">6152233450006468</subfield>
    <subfield code="q">EZB-ELDEA-01991 Elsevier DEAL Core Hybrid</subfield>
    <subfield code="c">param</subfield>
    <subfield code="o">615490000000002295</subfield>
    <subfield code="y">2025-09-18 04:31:54 Europe/Berlin</subfield>
    <subfield code="w">2024-06-17 14:27:01 Europe/Berlin</subfield>
    <subfield code="D">https://eu04.alma.exlibrisgroup.com/view/uresolver/49HBZ_NETWORK/openurl?u.ignore_date_coverage=true&amp;portfolio_pid=5352294240006468&amp;Force_direct=true</subfield>
    <subfield code="v">System</subfield>
    <subfield code="z">2024-06-17 12:27:01</subfield>
    <subfield code="n"> Available from 2023.</subfield>
    <subfield code="i">false</subfield>
    <subfield code="S">6252233440006468</subfield>
    <subfield code="d">https://hbz-network.userservices.exlibrisgroup.com/view/uresolver/49HBZ_NETWORK/openurl?u.ignore_date_coverage=true&amp;rft.mms_id=991004389559406468</subfield>
    <subfield code="b">Available</subfield>
    <subfield code="f">JOURNAL</subfield>
    <subfield code="8">5352294240006468</subfield>
  </datafield>
  <datafield tag="POC" ind1=" " ind2=" ">
    <subfield code="a">5352294240006468</subfield>
    <subfield code="b">2023</subfield>
    <subfield code="d">1</subfield>
    <subfield code="f">1</subfield>
  </datafield>
  <datafield tag="POR" ind1=" " ind2=" ">
    <subfield code="j">Elsevier ScienceDirect</subfield>
    <subfield code="x">System</subfield>
    <subfield code="a">5355107120006479</subfield>
    <subfield code="h">DEFAULT</subfield>
    <subfield code="M">49HBZ_RHW</subfield>
    <subfield code="p">6155079120006479</subfield>
    <subfield code="q">EZB-ELDEA-01991 Elsevier DEAL Core Hybrid</subfield>
    <subfield code="c">param</subfield>
    <subfield code="o">615490000000002295</subfield>
    <subfield code="y">2025-11-06 10:46:43 Europe/Berlin</subfield>
    <subfield code="w">2025-11-06 10:46:43 Europe/Berlin</subfield>
    <subfield code="D">https://eu04.alma.exlibrisgroup.com/view/uresolver/49HBZ_NETWORK/openurl?u.ignore_date_coverage=true&amp;portfolio_pid=5355107120006479&amp;Force_direct=true</subfield>
    <subfield code="v">System</subfield>
    <subfield code="z">2025-11-06 09:46:43</subfield>
    <subfield code="n"> Available from 2023.</subfield>
    <subfield code="i">true</subfield>
    <subfield code="S">6255079110006479</subfield>
    <subfield code="d">https://hbz-network.userservices.exlibrisgroup.com/view/uresolver/49HBZ_NETWORK/openurl?u.ignore_date_coverage=true&amp;rft.mms_id=991002871015506479</subfield>
    <subfield code="b">Available</subfield>
    <subfield code="f">JOURNAL</subfield>
    <subfield code="8">5355107120006479</subfield>
  </datafield>
  <datafield tag="POC" ind1=" " ind2=" ">
    <subfield code="a">5355107120006479</subfield>
    <subfield code="b">2023</subfield>
    <subfield code="d">1</subfield>
    <subfield code="f">1</subfield>
  </datafield>
  <datafield tag="POR" ind1=" " ind2=" ">
    <subfield code="j">Ezb</subfield>
    <subfield code="x">System</subfield>
    <subfield code="a">5343497650006453</subfield>
    <subfield code="h">EZ</subfield>
    <subfield code="M">49HBZ_RUW</subfield>
    <subfield code="p">6143353570006453</subfield>
    <subfield code="q">EZB-ELDEA-01987 Elsevier DEAL Freedom Collection</subfield>
    <subfield code="c">param</subfield>
    <subfield code="o">614970000000000989</subfield>
    <subfield code="y">2025-11-05 09:28:08 Europe/Berlin</subfield>
    <subfield code="w">2025-11-05 09:28:08 Europe/Berlin</subfield>
    <subfield code="D">https://eu04.alma.exlibrisgroup.com/view/uresolver/49HBZ_NETWORK/openurl?u.ignore_date_coverage=true&amp;portfolio_pid=5343497650006453&amp;Force_direct=true</subfield>
    <subfield code="v">System</subfield>
    <subfield code="z">2025-11-05 08:28:08</subfield>
    <subfield code="n"> Available from 2017 volume: 18 until 2022 volume: 23 issue: 3.</subfield>
    <subfield code="i">true</subfield>
    <subfield code="S">6243353560006453</subfield>
    <subfield code="d">https://hbz-network.userservices.exlibrisgroup.com/view/uresolver/49HBZ_NETWORK/openurl?u.ignore_date_coverage=true&amp;rft.mms_id=991004256852406453</subfield>
    <subfield code="b">Available</subfield>
    <subfield code="f">JOURNAL</subfield>
    <subfield code="8">5343497650006453</subfield>
  </datafield>
  <datafield tag="POC" ind1=" " ind2=" ">
    <subfield code="a">5343497650006453</subfield>
    <subfield code="b">2017</subfield>
    <subfield code="c">2022</subfield>
    <subfield code="d">1</subfield>
    <subfield code="e">12</subfield>
    <subfield code="f">1</subfield>
    <subfield code="g">31</subfield>
    <subfield code="h">18</subfield>
    <subfield code="i">23</subfield>
    <subfield code="k">3</subfield>
  </datafield>
  <datafield tag="POR" ind1=" " ind2=" ">
    <subfield code="j">Elsevier ScienceDirect</subfield>
    <subfield code="x">System</subfield>
    <subfield code="a">5343448370006453</subfield>
    <subfield code="h">EZ</subfield>
    <subfield code="M">49HBZ_RUW</subfield>
    <subfield code="p">6143353600006453</subfield>
    <subfield code="q">EZB-ELDEA-01991 Elsevier DEAL Core Hybrid</subfield>
    <subfield code="c">param</subfield>
    <subfield code="o">615490000000002295</subfield>
    <subfield code="y">2025-11-05 09:07:54 Europe/Berlin</subfield>
    <subfield code="w">2025-11-05 09:07:54 Europe/Berlin</subfield>
    <subfield code="D">https://eu04.alma.exlibrisgroup.com/view/uresolver/49HBZ_NETWORK/openurl?u.ignore_date_coverage=true&amp;portfolio_pid=5343448370006453&amp;Force_direct=true</subfield>
    <subfield code="v">System</subfield>
    <subfield code="z">2025-11-05 08:07:54</subfield>
    <subfield code="n"> Available from 2023.</subfield>
    <subfield code="i">true</subfield>
    <subfield code="S">6243353590006453</subfield>
    <subfield code="d">https://hbz-network.userservices.exlibrisgroup.com/view/uresolver/49HBZ_NETWORK/openurl?u.ignore_date_coverage=true&amp;rft.mms_id=991004256852406453</subfield>
    <subfield code="b">Available</subfield>
    <subfield code="f">JOURNAL</subfield>
    <subfield code="8">5343448370006453</subfield>
  </datafield>
  <datafield tag="POC" ind1=" " ind2=" ">
    <subfield code="a">5343448370006453</subfield>
    <subfield code="b">2023</subfield>
    <subfield code="d">1</subfield>
    <subfield code="f">1</subfield>
  </datafield>
  <datafield tag="POR" ind1=" " ind2=" ">
    <subfield code="j">Ezb</subfield>
    <subfield code="x">System</subfield>
    <subfield code="a">5343375960006453</subfield>
    <subfield code="h">EZ</subfield>
    <subfield code="M">49HBZ_RUW</subfield>
    <subfield code="p">6143353630006453</subfield>
    <subfield code="q">EZB-ELDEA-01989 Elsevier DEAL Archive</subfield>
    <subfield code="c">param</subfield>
    <subfield code="o">614900000000002864</subfield>
    <subfield code="y">2025-11-05 08:48:29 Europe/Berlin</subfield>
    <subfield code="w">2025-11-05 08:48:29 Europe/Berlin</subfield>
    <subfield code="D">https://eu04.alma.exlibrisgroup.com/view/uresolver/49HBZ_NETWORK/openurl?u.ignore_date_coverage=true&amp;portfolio_pid=5343375960006453&amp;Force_direct=true</subfield>
    <subfield code="v">System</subfield>
    <subfield code="z">2025-11-05 07:48:29</subfield>
    <subfield code="n"> Available from 2017 volume: 18 until 2022 volume: 23 issue: 3.</subfield>
    <subfield code="i">true</subfield>
    <subfield code="S">6243353620006453</subfield>
    <subfield code="d">https://hbz-network.userservices.exlibrisgroup.com/view/uresolver/49HBZ_NETWORK/openurl?u.ignore_date_coverage=true&amp;rft.mms_id=991004256852406453</subfield>
    <subfield code="b">Available</subfield>
    <subfield code="f">JOURNAL</subfield>
    <subfield code="8">5343375960006453</subfield>
  </datafield>
  <datafield tag="POC" ind1=" " ind2=" ">
    <subfield code="a">5343375960006453</subfield>
    <subfield code="b">2017</subfield>
    <subfield code="c">2022</subfield>
    <subfield code="d">1</subfield>
    <subfield code="e">12</subfield>
    <subfield code="f">1</subfield>
    <subfield code="g">31</subfield>
    <subfield code="h">18</subfield>
    <subfield code="i">23</subfield>
    <subfield code="k">3</subfield>
  </datafield>
  <datafield tag="POR" ind1=" " ind2=" ">
    <subfield code="j">Elsevier ScienceDirect</subfield>
    <subfield code="x">System</subfield>
    <subfield code="a">53217710620008973</subfield>
    <subfield code="h">OpenAthens (DigiBib IntrOX)</subfield>
    <subfield code="M">49HBZ_LBZ</subfield>
    <subfield code="p">61217659920008973</subfield>
    <subfield code="q">Elsevier ScienceDirect Journals</subfield>
    <subfield code="c">param</subfield>
    <subfield code="o">61110983570089325</subfield>
    <subfield code="y">2025-09-26 02:26:27 Europe/Berlin</subfield>
    <subfield code="w">2024-09-15 17:50:34 Europe/Berlin</subfield>
    <subfield code="D">https://eu04.alma.exlibrisgroup.com/view/uresolver/49HBZ_NETWORK/openurl?u.ignore_date_coverage=true&amp;portfolio_pid=53217710620008973&amp;Force_direct=true</subfield>
    <subfield code="v">NON_SFX_CREATOR</subfield>
    <subfield code="z">2024-09-15 15:50:34</subfield>
    <subfield code="n"> Available from 2017 volume: 18 until 2022 volume: 23 issue: 3.</subfield>
    <subfield code="i">false</subfield>
    <subfield code="S">62217659910008973</subfield>
    <subfield code="d">https://hbz-network.userservices.exlibrisgroup.com/view/uresolver/49HBZ_NETWORK/openurl?u.ignore_date_coverage=true&amp;rft.mms_id=991019787205708973</subfield>
    <subfield code="b">Not Available</subfield>
    <subfield code="f">JOURNAL</subfield>
    <subfield code="8">53217710620008973</subfield>
  </datafield>
  <datafield tag="POC" ind1=" " ind2=" ">
    <subfield code="a">53217710620008973</subfield>
    <subfield code="b">2017</subfield>
    <subfield code="c">2022</subfield>
    <subfield code="d">1</subfield>
    <subfield code="e">12</subfield>
    <subfield code="f">1</subfield>
    <subfield code="g">31</subfield>
    <subfield code="h">18</subfield>
    <subfield code="i">23</subfield>
    <subfield code="k">3</subfield>
  </datafield>
  <datafield tag="POR" ind1=" " ind2=" ">
    <subfield code="j">Ezb</subfield>
    <subfield code="x">System</subfield>
    <subfield code="a">53132883470007476</subfield>
    <subfield code="M">49HBZ_RTU</subfield>
    <subfield code="p">61132839360007476</subfield>
    <subfield code="q">EZB-ELDEA-01987 Elsevier DEAL Freedom Collection</subfield>
    <subfield code="c">param</subfield>
    <subfield code="o">614970000000000989</subfield>
    <subfield code="y">2024-06-13 13:09:03 Europe/Berlin</subfield>
    <subfield code="w">2024-06-13 13:09:03 Europe/Berlin</subfield>
    <subfield code="D">https://eu04.alma.exlibrisgroup.com/view/uresolver/49HBZ_NETWORK/openurl?u.ignore_date_coverage=true&amp;portfolio_pid=53132883470007476&amp;Force_direct=true</subfield>
    <subfield code="v">System</subfield>
    <subfield code="z">2024-06-13 11:09:03</subfield>
    <subfield code="n"> Available from 2017 volume: 18 until 2022 volume: 23 issue: 3.</subfield>
    <subfield code="i">false</subfield>
    <subfield code="t">POL-2024-9419</subfield>
    <subfield code="S">62132839350007476</subfield>
    <subfield code="d">https://hbz-network.userservices.exlibrisgroup.com/view/uresolver/49HBZ_NETWORK/openurl?u.ignore_date_coverage=true&amp;rft.mms_id=992022150759207476</subfield>
    <subfield code="b">Available</subfield>
    <subfield code="f">JOURNAL</subfield>
    <subfield code="8">53132883470007476</subfield>
  </datafield>
  <datafield tag="POC" ind1=" " ind2=" ">
    <subfield code="a">53132883470007476</subfield>
    <subfield code="b">2017</subfield>
    <subfield code="c">2022</subfield>
    <subfield code="d">1</subfield>
    <subfield code="e">12</subfield>
    <subfield code="f">1</subfield>
    <subfield code="g">31</subfield>
    <subfield code="h">18</subfield>
    <subfield code="i">23</subfield>
    <subfield code="k">3</subfield>
  </datafield>
  <datafield tag="POR" ind1=" " ind2=" ">
    <subfield code="j">Elsevier ScienceDirect</subfield>
    <subfield code="x">System</subfield>
    <subfield code="a">53132914190007476</subfield>
    <subfield code="M">49HBZ_RTU</subfield>
    <subfield code="p">61132839060007476</subfield>
    <subfield code="q">EZB-ELDEA-01991 Elsevier DEAL Core Hybrid</subfield>
    <subfield code="c">param</subfield>
    <subfield code="o">615490000000002295</subfield>
    <subfield code="y">2025-09-18 05:31:30 Europe/Berlin</subfield>
    <subfield code="w">2024-06-13 13:55:57 Europe/Berlin</subfield>
    <subfield code="D">https://eu04.alma.exlibrisgroup.com/view/uresolver/49HBZ_NETWORK/openurl?u.ignore_date_coverage=true&amp;portfolio_pid=53132914190007476&amp;Force_direct=true</subfield>
    <subfield code="v">System</subfield>
    <subfield code="z">2024-06-13 11:55:57</subfield>
    <subfield code="n"> Available from 2023.</subfield>
    <subfield code="i">false</subfield>
    <subfield code="t">POL-2024-9419</subfield>
    <subfield code="S">62132839050007476</subfield>
    <subfield code="d">https://hbz-network.userservices.exlibrisgroup.com/view/uresolver/49HBZ_NETWORK/openurl?u.ignore_date_coverage=true&amp;rft.mms_id=992022150759207476</subfield>
    <subfield code="b">Available</subfield>
    <subfield code="f">JOURNAL</subfield>
    <subfield code="8">53132914190007476</subfield>
  </datafield>
  <datafield tag="POC" ind1=" " ind2=" ">
    <subfield code="a">53132914190007476</subfield>
    <subfield code="b">2023</subfield>
    <subfield code="d">1</subfield>
    <subfield code="f">1</subfield>
  </datafield>
  <datafield tag="POR" ind1=" " ind2=" ">
    <subfield code="j">Ezb</subfield>
    <subfield code="x">System</subfield>
    <subfield code="a">53138011530007476</subfield>
    <subfield code="M">49HBZ_RTU</subfield>
    <subfield code="p">61137877920007476</subfield>
    <subfield code="q">EZB-ELDEA-01989 Elsevier DEAL Archive</subfield>
    <subfield code="c">param</subfield>
    <subfield code="o">614900000000002864</subfield>
    <subfield code="y">2024-12-17 16:29:44 Europe/Berlin</subfield>
    <subfield code="w">2024-12-17 16:29:44 Europe/Berlin</subfield>
    <subfield code="D">https://eu04.alma.exlibrisgroup.com/view/uresolver/49HBZ_NETWORK/openurl?u.ignore_date_coverage=true&amp;portfolio_pid=53138011530007476&amp;Force_direct=true</subfield>
    <subfield code="v">System</subfield>
    <subfield code="z">2024-12-17 15:29:44</subfield>
    <subfield code="n"> Available from 2017 volume: 18 until 2022 volume: 23 issue: 3.</subfield>
    <subfield code="i">false</subfield>
    <subfield code="t">POL-2024-9419</subfield>
    <subfield code="S">62137877910007476</subfield>
    <subfield code="d">https://hbz-network.userservices.exlibrisgroup.com/view/uresolver/49HBZ_NETWORK/openurl?u.ignore_date_coverage=true&amp;rft.mms_id=992022150759207476</subfield>
    <subfield code="b">Available</subfield>
    <subfield code="f">JOURNAL</subfield>
    <subfield code="8">53138011530007476</subfield>
  </datafield>
  <datafield tag="POC" ind1=" " ind2=" ">
    <subfield code="a">53138011530007476</subfield>
    <subfield code="b">2017</subfield>
    <subfield code="c">2022</subfield>
    <subfield code="d">1</subfield>
    <subfield code="e">12</subfield>
    <subfield code="f">1</subfield>
    <subfield code="g">31</subfield>
    <subfield code="h">18</subfield>
    <subfield code="i">23</subfield>
    <subfield code="k">3</subfield>
  </datafield>
  <datafield tag="POR" ind1=" " ind2=" ">
    <subfield code="j">Ezb</subfield>
    <subfield code="x">System</subfield>
    <subfield code="a">53353072650006448</subfield>
    <subfield code="M">49HBZ_UBA</subfield>
    <subfield code="p">61352917060006448</subfield>
    <subfield code="q">EZB-ELDEA-01989 Elsevier DEAL Archive</subfield>
    <subfield code="c">param</subfield>
    <subfield code="o">614900000000002864</subfield>
    <subfield code="y">2025-07-29 14:16:53 Europe/Berlin</subfield>
    <subfield code="w">2025-07-29 14:16:53 Europe/Berlin</subfield>
    <subfield code="D">https://eu04.alma.exlibrisgroup.com/view/uresolver/49HBZ_NETWORK/openurl?u.ignore_date_coverage=true&amp;portfolio_pid=53353072650006448&amp;Force_direct=true</subfield>
    <subfield code="v">System</subfield>
    <subfield code="z">2025-07-29 12:16:53</subfield>
    <subfield code="n"> Available from 2017 volume: 18 until 2022 volume: 23 issue: 3.</subfield>
    <subfield code="i">false</subfield>
    <subfield code="S">62352917050006448</subfield>
    <subfield code="d">https://hbz-network.userservices.exlibrisgroup.com/view/uresolver/49HBZ_NETWORK/openurl?u.ignore_date_coverage=true&amp;rft.mms_id=991026309331406448</subfield>
    <subfield code="b">Available</subfield>
    <subfield code="f">JOURNAL</subfield>
    <subfield code="8">53353072650006448</subfield>
  </datafield>
  <datafield tag="POC" ind1=" " ind2=" ">
    <subfield code="a">53353072650006448</subfield>
    <subfield code="b">2017</subfield>
    <subfield code="c">2022</subfield>
    <subfield code="d">1</subfield>
    <subfield code="e">12</subfield>
    <subfield code="f">1</subfield>
    <subfield code="g">31</subfield>
    <subfield code="h">18</subfield>
    <subfield code="i">23</subfield>
    <subfield code="k">3</subfield>
  </datafield>
  <datafield tag="POR" ind1=" " ind2=" ">
    <subfield code="j">Elsevier ScienceDirect</subfield>
    <subfield code="x">System</subfield>
    <subfield code="a">53344288220006448</subfield>
    <subfield code="M">49HBZ_UBA</subfield>
    <subfield code="p">61344248820006448</subfield>
    <subfield code="q">EZB-ELDEA-01991 Elsevier DEAL Core Hybrid</subfield>
    <subfield code="c">param</subfield>
    <subfield code="o">615490000000002295</subfield>
    <subfield code="y">2025-09-18 04:50:49 Europe/Berlin</subfield>
    <subfield code="w">2024-11-22 14:13:31 Europe/Berlin</subfield>
    <subfield code="D">https://eu04.alma.exlibrisgroup.com/view/uresolver/49HBZ_NETWORK/openurl?u.ignore_date_coverage=true&amp;portfolio_pid=53344288220006448&amp;Force_direct=true</subfield>
    <subfield code="v">System</subfield>
    <subfield code="z">2024-11-22 13:13:31</subfield>
    <subfield code="n"> Available from 2023.</subfield>
    <subfield code="i">false</subfield>
    <subfield code="g">ZB</subfield>
    <subfield code="t">RWTHOL-5109</subfield>
    <subfield code="S">62344258870006448</subfield>
    <subfield code="d">https://hbz-network.userservices.exlibrisgroup.com/view/uresolver/49HBZ_NETWORK/openurl?u.ignore_date_coverage=true&amp;rft.mms_id=991026309331406448</subfield>
    <subfield code="b">Available</subfield>
    <subfield code="f">JOURNAL</subfield>
    <subfield code="8">53344288220006448</subfield>
  </datafield>
  <datafield tag="POC" ind1=" " ind2=" ">
    <subfield code="a">53344288220006448</subfield>
    <subfield code="b">2023</subfield>
    <subfield code="d">1</subfield>
    <subfield code="f">1</subfield>
  </datafield>
  <datafield tag="POR" ind1=" " ind2=" ">
    <subfield code="j">Ezb</subfield>
    <subfield code="x">System</subfield>
    <subfield code="a">53352975560006448</subfield>
    <subfield code="M">49HBZ_UBA</subfield>
    <subfield code="p">61352917090006448</subfield>
    <subfield code="q">EZB-ELDEA-01987 Elsevier DEAL Freedom Collection</subfield>
    <subfield code="c">param</subfield>
    <subfield code="o">614970000000000989</subfield>
    <subfield code="y">2025-07-29 14:08:57 Europe/Berlin</subfield>
    <subfield code="w">2025-07-29 14:08:57 Europe/Berlin</subfield>
    <subfield code="D">https://eu04.alma.exlibrisgroup.com/view/uresolver/49HBZ_NETWORK/openurl?u.ignore_date_coverage=true&amp;portfolio_pid=53352975560006448&amp;Force_direct=true</subfield>
    <subfield code="v">System</subfield>
    <subfield code="z">2025-07-29 12:08:57</subfield>
    <subfield code="n"> Available from 2017 volume: 18 until 2022 volume: 23 issue: 3.</subfield>
    <subfield code="i">false</subfield>
    <subfield code="S">62352917080006448</subfield>
    <subfield code="d">https://hbz-network.userservices.exlibrisgroup.com/view/uresolver/49HBZ_NETWORK/openurl?u.ignore_date_coverage=true&amp;rft.mms_id=991026309331406448</subfield>
    <subfield code="b">Available</subfield>
    <subfield code="f">JOURNAL</subfield>
    <subfield code="8">53352975560006448</subfield>
  </datafield>
  <datafield tag="POC" ind1=" " ind2=" ">
    <subfield code="a">53352975560006448</subfield>
    <subfield code="b">2017</subfield>
    <subfield code="c">2022</subfield>
    <subfield code="d">1</subfield>
    <subfield code="e">12</subfield>
    <subfield code="f">1</subfield>
    <subfield code="g">31</subfield>
    <subfield code="h">18</subfield>
    <subfield code="i">23</subfield>
    <subfield code="k">3</subfield>
  </datafield>
  <datafield tag="POR" ind1=" " ind2=" ">
    <subfield code="j">Ezb</subfield>
    <subfield code="x">System</subfield>
    <subfield code="a">5317154320006469</subfield>
    <subfield code="M">49HBZ_TGA</subfield>
    <subfield code="p">6117117590006469</subfield>
    <subfield code="q">Elsevier DEAL Freedom Collection</subfield>
    <subfield code="c">param</subfield>
    <subfield code="o">614970000000000989</subfield>
    <subfield code="y">2024-06-12 11:26:57 Europe/Berlin</subfield>
    <subfield code="w">2024-06-12 11:26:57 Europe/Berlin</subfield>
    <subfield code="D">https://eu04.alma.exlibrisgroup.com/view/uresolver/49HBZ_NETWORK/openurl?u.ignore_date_coverage=true&amp;portfolio_pid=5317154320006469&amp;Force_direct=true</subfield>
    <subfield code="v">System</subfield>
    <subfield code="z">2024-06-12 09:26:57</subfield>
    <subfield code="n"> Available from 2017 volume: 18 until 2022 volume: 23 issue: 3.</subfield>
    <subfield code="i">false</subfield>
    <subfield code="S">6217117580006469</subfield>
    <subfield code="d">https://hbz-network.userservices.exlibrisgroup.com/view/uresolver/49HBZ_NETWORK/openurl?u.ignore_date_coverage=true&amp;rft.mms_id=991000727208806469</subfield>
    <subfield code="b">Available</subfield>
    <subfield code="f">JOURNAL</subfield>
    <subfield code="8">5317154320006469</subfield>
  </datafield>
  <datafield tag="POC" ind1=" " ind2=" ">
    <subfield code="a">5317154320006469</subfield>
    <subfield code="b">2017</subfield>
    <subfield code="c">2022</subfield>
    <subfield code="d">1</subfield>
    <subfield code="e">12</subfield>
    <subfield code="f">1</subfield>
    <subfield code="g">31</subfield>
    <subfield code="h">18</subfield>
    <subfield code="i">23</subfield>
    <subfield code="k">3</subfield>
  </datafield>
  <datafield tag="POR" ind1=" " ind2=" ">
    <subfield code="j">Elsevier ScienceDirect</subfield>
    <subfield code="x">System</subfield>
    <subfield code="a">5317214930006469</subfield>
    <subfield code="M">49HBZ_TGA</subfield>
    <subfield code="p">6117117530006469</subfield>
    <subfield code="q">Elsevier DEAL Core Hybrid</subfield>
    <subfield code="c">param</subfield>
    <subfield code="o">615490000000002295</subfield>
    <subfield code="y">2025-09-18 04:02:00 Europe/Berlin</subfield>
    <subfield code="w">2024-06-12 11:43:12 Europe/Berlin</subfield>
    <subfield code="D">https://eu04.alma.exlibrisgroup.com/view/uresolver/49HBZ_NETWORK/openurl?u.ignore_date_coverage=true&amp;portfolio_pid=5317214930006469&amp;Force_direct=true</subfield>
    <subfield code="v">System</subfield>
    <subfield code="z">2024-06-12 09:43:12</subfield>
    <subfield code="n"> Available from 2023.</subfield>
    <subfield code="i">false</subfield>
    <subfield code="S">6217117520006469</subfield>
    <subfield code="d">https://hbz-network.userservices.exlibrisgroup.com/view/uresolver/49HBZ_NETWORK/openurl?u.ignore_date_coverage=true&amp;rft.mms_id=991000727208806469</subfield>
    <subfield code="b">Available</subfield>
    <subfield code="f">JOURNAL</subfield>
    <subfield code="8">5317214930006469</subfield>
  </datafield>
  <datafield tag="POC" ind1=" " ind2=" ">
    <subfield code="a">5317214930006469</subfield>
    <subfield code="b">2023</subfield>
    <subfield code="d">1</subfield>
    <subfield code="f">1</subfield>
  </datafield>
  <datafield tag="POR" ind1=" " ind2=" ">
    <subfield code="j">Ezb</subfield>
    <subfield code="x">System</subfield>
    <subfield code="a">5358098950006477</subfield>
    <subfield code="M">49HBZ_THK</subfield>
    <subfield code="p">6158069180006477</subfield>
    <subfield code="q">EZB-ELDEA-01987 Elsevier DEAL Freedom Collection</subfield>
    <subfield code="c">param</subfield>
    <subfield code="o">614970000000000989</subfield>
    <subfield code="y">2024-06-17 08:44:20 Europe/Berlin</subfield>
    <subfield code="w">2024-06-17 08:44:20 Europe/Berlin</subfield>
    <subfield code="D">https://eu04.alma.exlibrisgroup.com/view/uresolver/49HBZ_NETWORK/openurl?u.ignore_date_coverage=true&amp;portfolio_pid=5358098950006477&amp;Force_direct=true</subfield>
    <subfield code="v">System</subfield>
    <subfield code="z">2024-06-17 06:44:20</subfield>
    <subfield code="n"> Available from 2017 volume: 18 until 2022 volume: 23 issue: 3.</subfield>
    <subfield code="i">false</subfield>
    <subfield code="S">6258069170006477</subfield>
    <subfield code="d">https://hbz-network.userservices.exlibrisgroup.com/view/uresolver/49HBZ_NETWORK/openurl?u.ignore_date_coverage=true&amp;rft.mms_id=991008522968706477</subfield>
    <subfield code="b">Available</subfield>
    <subfield code="f">JOURNAL</subfield>
    <subfield code="8">5358098950006477</subfield>
  </datafield>
  <datafield tag="POC" ind1=" " ind2=" ">
    <subfield code="a">5358098950006477</subfield>
    <subfield code="b">2017</subfield>
    <subfield code="c">2022</subfield>
    <subfield code="d">1</subfield>
    <subfield code="e">12</subfield>
    <subfield code="f">1</subfield>
    <subfield code="g">31</subfield>
    <subfield code="h">18</subfield>
    <subfield code="i">23</subfield>
    <subfield code="k">3</subfield>
  </datafield>
  <datafield tag="POR" ind1=" " ind2=" ">
    <subfield code="j">Elsevier ScienceDirect</subfield>
    <subfield code="x">System</subfield>
    <subfield code="a">5357758460006477</subfield>
    <subfield code="M">49HBZ_THK</subfield>
    <subfield code="p">6157679150006477</subfield>
    <subfield code="q">EZB-ELDEA-01991 Elsevier DEAL Core Hybrid</subfield>
    <subfield code="c">param</subfield>
    <subfield code="o">615490000000002295</subfield>
    <subfield code="y">2025-09-18 04:34:23 Europe/Berlin</subfield>
    <subfield code="w">2024-06-05 14:06:13 Europe/Berlin</subfield>
    <subfield code="D">https://eu04.alma.exlibrisgroup.com/view/uresolver/49HBZ_NETWORK/openurl?u.ignore_date_coverage=true&amp;portfolio_pid=5357758460006477&amp;Force_direct=true</subfield>
    <subfield code="v">System</subfield>
    <subfield code="z">2024-06-05 12:06:13</subfield>
    <subfield code="n"> Available from 2023.</subfield>
    <subfield code="i">false</subfield>
    <subfield code="S">6257679140006477</subfield>
    <subfield code="d">https://hbz-network.userservices.exlibrisgroup.com/view/uresolver/49HBZ_NETWORK/openurl?u.ignore_date_coverage=true&amp;rft.mms_id=991008522968706477</subfield>
    <subfield code="b">Available</subfield>
    <subfield code="f">JOURNAL</subfield>
    <subfield code="8">5357758460006477</subfield>
  </datafield>
  <datafield tag="POC" ind1=" " ind2=" ">
    <subfield code="a">5357758460006477</subfield>
    <subfield code="b">2023</subfield>
    <subfield code="d">1</subfield>
    <subfield code="f">1</subfield>
  </datafield>
  <datafield tag="POR" ind1=" " ind2=" ">
    <subfield code="j">Ezb</subfield>
    <subfield code="x">System</subfield>
    <subfield code="a">5358142970006477</subfield>
    <subfield code="M">49HBZ_THK</subfield>
    <subfield code="p">6158069150006477</subfield>
    <subfield code="q">EZB-ELDEA-01989 Elsevier DEAL Archive</subfield>
    <subfield code="c">param</subfield>
    <subfield code="o">614900000000002864</subfield>
    <subfield code="y">2024-06-17 08:53:37 Europe/Berlin</subfield>
    <subfield code="w">2024-06-17 08:53:37 Europe/Berlin</subfield>
    <subfield code="D">https://eu04.alma.exlibrisgroup.com/view/uresolver/49HBZ_NETWORK/openurl?u.ignore_date_coverage=true&amp;portfolio_pid=5358142970006477&amp;Force_direct=true</subfield>
    <subfield code="v">System</subfield>
    <subfield code="z">2024-06-17 06:53:37</subfield>
    <subfield code="n"> Available from 2017 volume: 18 until 2022 volume: 23 issue: 3.</subfield>
    <subfield code="i">false</subfield>
    <subfield code="S">6258069140006477</subfield>
    <subfield code="d">https://hbz-network.userservices.exlibrisgroup.com/view/uresolver/49HBZ_NETWORK/openurl?u.ignore_date_coverage=true&amp;rft.mms_id=991008522968706477</subfield>
    <subfield code="b">Available</subfield>
    <subfield code="f">JOURNAL</subfield>
    <subfield code="8">5358142970006477</subfield>
  </datafield>
  <datafield tag="POC" ind1=" " ind2=" ">
    <subfield code="a">5358142970006477</subfield>
    <subfield code="b">2017</subfield>
    <subfield code="c">2022</subfield>
    <subfield code="d">1</subfield>
    <subfield code="e">12</subfield>
    <subfield code="f">1</subfield>
    <subfield code="g">31</subfield>
    <subfield code="h">18</subfield>
    <subfield code="i">23</subfield>
    <subfield code="k">3</subfield>
  </datafield>
  <datafield tag="POR" ind1=" " ind2=" ">
    <subfield code="j">Elsevier ScienceDirect</subfield>
    <subfield code="x">System</subfield>
    <subfield code="a">53250802500006445</subfield>
    <subfield code="M">49HBZ_UBD</subfield>
    <subfield code="p">61250716920006445</subfield>
    <subfield code="q">Elsevier DEAL Core Hybrid</subfield>
    <subfield code="c">param</subfield>
    <subfield code="o">615490000000002295</subfield>
    <subfield code="y">2025-09-18 01:17:18 Europe/Berlin</subfield>
    <subfield code="w">2024-06-11 15:14:13 Europe/Berlin</subfield>
    <subfield code="D">https://eu04.alma.exlibrisgroup.com/view/uresolver/49HBZ_NETWORK/openurl?u.ignore_date_coverage=true&amp;portfolio_pid=53250802500006445&amp;Force_direct=true</subfield>
    <subfield code="v">System</subfield>
    <subfield code="z">2024-06-11 13:14:13</subfield>
    <subfield code="n"> Available from 2023.</subfield>
    <subfield code="i">false</subfield>
    <subfield code="t">POL-20596</subfield>
    <subfield code="S">62250804650006445</subfield>
    <subfield code="d">https://hbz-network.userservices.exlibrisgroup.com/view/uresolver/49HBZ_NETWORK/openurl?u.ignore_date_coverage=true&amp;rft.mms_id=991013754476506445</subfield>
    <subfield code="b">Available</subfield>
    <subfield code="f">JOURNAL</subfield>
    <subfield code="8">53250802500006445</subfield>
  </datafield>
  <datafield tag="POC" ind1=" " ind2=" ">
    <subfield code="a">53250802500006445</subfield>
    <subfield code="b">2023</subfield>
    <subfield code="d">1</subfield>
    <subfield code="f">1</subfield>
  </datafield>
  <datafield tag="POR" ind1=" " ind2=" ">
    <subfield code="j">Ezb</subfield>
    <subfield code="x">System</subfield>
    <subfield code="a">53250757560006445</subfield>
    <subfield code="M">49HBZ_UBD</subfield>
    <subfield code="p">61250716970006445</subfield>
    <subfield code="q">Elsevier DEAL Freedom Collection</subfield>
    <subfield code="c">param</subfield>
    <subfield code="o">614970000000000989</subfield>
    <subfield code="y">2024-06-11 14:51:53 Europe/Berlin</subfield>
    <subfield code="w">2024-06-11 14:51:53 Europe/Berlin</subfield>
    <subfield code="D">https://eu04.alma.exlibrisgroup.com/view/uresolver/49HBZ_NETWORK/openurl?u.ignore_date_coverage=true&amp;portfolio_pid=53250757560006445&amp;Force_direct=true</subfield>
    <subfield code="v">System</subfield>
    <subfield code="z">2024-06-11 12:51:53</subfield>
    <subfield code="n"> Available from 2017 volume: 18 until 2022 volume: 23 issue: 3.</subfield>
    <subfield code="i">false</subfield>
    <subfield code="S">62250716960006445</subfield>
    <subfield code="d">https://hbz-network.userservices.exlibrisgroup.com/view/uresolver/49HBZ_NETWORK/openurl?u.ignore_date_coverage=true&amp;rft.mms_id=991013754476506445</subfield>
    <subfield code="b">Available</subfield>
    <subfield code="f">JOURNAL</subfield>
    <subfield code="8">53250757560006445</subfield>
  </datafield>
  <datafield tag="POC" ind1=" " ind2=" ">
    <subfield code="a">53250757560006445</subfield>
    <subfield code="b">2017</subfield>
    <subfield code="c">2022</subfield>
    <subfield code="d">1</subfield>
    <subfield code="e">12</subfield>
    <subfield code="f">1</subfield>
    <subfield code="g">31</subfield>
    <subfield code="h">18</subfield>
    <subfield code="i">23</subfield>
    <subfield code="k">3</subfield>
  </datafield>
  <datafield tag="POR" ind1=" " ind2=" ">
    <subfield code="j">Ezb</subfield>
    <subfield code="x">System</subfield>
    <subfield code="a">53389021100006470</subfield>
    <subfield code="M">49HBZ_UBT</subfield>
    <subfield code="p">61388982730006470</subfield>
    <subfield code="q">EZB-ELDEA-01989 Elsevier DEAL Archive</subfield>
    <subfield code="c">param</subfield>
    <subfield code="o">614900000000002864</subfield>
    <subfield code="y">2025-11-05 13:06:30 Europe/Berlin</subfield>
    <subfield code="w">2025-11-05 13:06:30 Europe/Berlin</subfield>
    <subfield code="D">https://eu04.alma.exlibrisgroup.com/view/uresolver/49HBZ_NETWORK/openurl?u.ignore_date_coverage=true&amp;portfolio_pid=53389021100006470&amp;Force_direct=true</subfield>
    <subfield code="v">System</subfield>
    <subfield code="z">2025-11-05 12:06:30</subfield>
    <subfield code="n"> Available from 2017 volume: 18 until 2022 volume: 23 issue: 3.</subfield>
    <subfield code="i">false</subfield>
    <subfield code="t">BE23-5686</subfield>
    <subfield code="S">62388982720006470</subfield>
    <subfield code="d">https://hbz-network.userservices.exlibrisgroup.com/view/uresolver/49HBZ_NETWORK/openurl?u.ignore_date_coverage=true&amp;rft.mms_id=9928121213506470</subfield>
    <subfield code="b">Available</subfield>
    <subfield code="f">JOURNAL</subfield>
    <subfield code="8">53389021100006470</subfield>
  </datafield>
  <datafield tag="POC" ind1=" " ind2=" ">
    <subfield code="a">53389021100006470</subfield>
    <subfield code="b">2017</subfield>
    <subfield code="c">2022</subfield>
    <subfield code="d">1</subfield>
    <subfield code="e">12</subfield>
    <subfield code="f">1</subfield>
    <subfield code="g">31</subfield>
    <subfield code="h">18</subfield>
    <subfield code="i">23</subfield>
    <subfield code="k">3</subfield>
  </datafield>
  <datafield tag="POR" ind1=" " ind2=" ">
    <subfield code="j">Ezb</subfield>
    <subfield code="x">System</subfield>
    <subfield code="a">53389076380006470</subfield>
    <subfield code="M">49HBZ_UBT</subfield>
    <subfield code="p">61388982710006470</subfield>
    <subfield code="q">EZB-ELDEA-01987 Elsevier DEAL Freedom Collection</subfield>
    <subfield code="c">param</subfield>
    <subfield code="o">614970000000000989</subfield>
    <subfield code="y">2025-11-05 13:31:15 Europe/Berlin</subfield>
    <subfield code="w">2025-11-05 13:31:15 Europe/Berlin</subfield>
    <subfield code="D">https://eu04.alma.exlibrisgroup.com/view/uresolver/49HBZ_NETWORK/openurl?u.ignore_date_coverage=true&amp;portfolio_pid=53389076380006470&amp;Force_direct=true</subfield>
    <subfield code="v">System</subfield>
    <subfield code="z">2025-11-05 12:31:15</subfield>
    <subfield code="n"> Available from 2017 volume: 18 until 2022 volume: 23 issue: 3.</subfield>
    <subfield code="i">false</subfield>
    <subfield code="t">BE23-5686</subfield>
    <subfield code="S">62388982700006470</subfield>
    <subfield code="d">https://hbz-network.userservices.exlibrisgroup.com/view/uresolver/49HBZ_NETWORK/openurl?u.ignore_date_coverage=true&amp;rft.mms_id=9928121213506470</subfield>
    <subfield code="b">Available</subfield>
    <subfield code="f">JOURNAL</subfield>
    <subfield code="8">53389076380006470</subfield>
  </datafield>
  <datafield tag="POC" ind1=" " ind2=" ">
    <subfield code="a">53389076380006470</subfield>
    <subfield code="b">2017</subfield>
    <subfield code="c">2022</subfield>
    <subfield code="d">1</subfield>
    <subfield code="e">12</subfield>
    <subfield code="f">1</subfield>
    <subfield code="g">31</subfield>
    <subfield code="h">18</subfield>
    <subfield code="i">23</subfield>
    <subfield code="k">3</subfield>
  </datafield>
  <datafield tag="POR" ind1=" " ind2=" ">
    <subfield code="j">Elsevier ScienceDirect</subfield>
    <subfield code="x">System</subfield>
    <subfield code="a">53389115800006470</subfield>
    <subfield code="M">49HBZ_UBT</subfield>
    <subfield code="p">61388982660006470</subfield>
    <subfield code="q">EZB-ELDEA-01991 Elsevier DEAL Core Hybrid</subfield>
    <subfield code="c">param</subfield>
    <subfield code="o">615490000000002295</subfield>
    <subfield code="y">2025-11-05 13:58:50 Europe/Berlin</subfield>
    <subfield code="w">2025-11-05 13:58:50 Europe/Berlin</subfield>
    <subfield code="D">https://eu04.alma.exlibrisgroup.com/view/uresolver/49HBZ_NETWORK/openurl?u.ignore_date_coverage=true&amp;portfolio_pid=53389115800006470&amp;Force_direct=true</subfield>
    <subfield code="v">System</subfield>
    <subfield code="z">2025-11-05 12:58:50</subfield>
    <subfield code="n"> Available from 2023.</subfield>
    <subfield code="i">false</subfield>
    <subfield code="t">BE23-5686</subfield>
    <subfield code="S">62388982650006470</subfield>
    <subfield code="d">https://hbz-network.userservices.exlibrisgroup.com/view/uresolver/49HBZ_NETWORK/openurl?u.ignore_date_coverage=true&amp;rft.mms_id=9928121213506470</subfield>
    <subfield code="b">Available</subfield>
    <subfield code="f">JOURNAL</subfield>
    <subfield code="8">53389115800006470</subfield>
  </datafield>
  <datafield tag="POC" ind1=" " ind2=" ">
    <subfield code="a">53389115800006470</subfield>
    <subfield code="b">2023</subfield>
    <subfield code="d">1</subfield>
    <subfield code="f">1</subfield>
  </datafield>
  <datafield tag="POR" ind1=" " ind2=" ">
    <subfield code="j">Elsevier ScienceDirect</subfield>
    <subfield code="x">System</subfield>
    <subfield code="a">53408839880006467</subfield>
    <subfield code="M">49HBZ_ULB</subfield>
    <subfield code="p">61408680090006467</subfield>
    <subfield code="q">EZB-ELDEA-01991 Elsevier DEAL Core Hybrid</subfield>
    <subfield code="c">param</subfield>
    <subfield code="o">615490000000002295</subfield>
    <subfield code="y">2025-09-18 06:00:14 Europe/Berlin</subfield>
    <subfield code="w">2025-01-20 14:21:15 Europe/Berlin</subfield>
    <subfield code="D">https://eu04.alma.exlibrisgroup.com/view/uresolver/49HBZ_NETWORK/openurl?u.ignore_date_coverage=true&amp;portfolio_pid=53408839880006467&amp;Force_direct=true</subfield>
    <subfield code="v">System</subfield>
    <subfield code="z">2025-01-20 13:21:15</subfield>
    <subfield code="n"> Available from 2023.</subfield>
    <subfield code="i">false</subfield>
    <subfield code="S">62408680080006467</subfield>
    <subfield code="d">https://hbz-network.userservices.exlibrisgroup.com/view/uresolver/49HBZ_NETWORK/openurl?u.ignore_date_coverage=true&amp;rft.mms_id=991045501116306467</subfield>
    <subfield code="b">Available</subfield>
    <subfield code="f">JOURNAL</subfield>
    <subfield code="8">53408839880006467</subfield>
  </datafield>
  <datafield tag="POC" ind1=" " ind2=" ">
    <subfield code="a">53408839880006467</subfield>
    <subfield code="b">2023</subfield>
    <subfield code="d">1</subfield>
    <subfield code="f">1</subfield>
  </datafield>
  <datafield tag="POR" ind1=" " ind2=" ">
    <subfield code="j">Elsevier ScienceDirect</subfield>
    <subfield code="x">System</subfield>
    <subfield code="a">53406389270006467</subfield>
    <subfield code="M">49HBZ_ULB</subfield>
    <subfield code="p">61406321720006467</subfield>
    <subfield code="q">Elsevier DEAL Core Hybrid</subfield>
    <subfield code="c">param</subfield>
    <subfield code="o">61480409220000041</subfield>
    <subfield code="y">2024-11-21 09:21:10 Europe/Berlin</subfield>
    <subfield code="w">2024-11-21 09:21:10 Europe/Berlin</subfield>
    <subfield code="D">https://eu04.alma.exlibrisgroup.com/view/uresolver/49HBZ_NETWORK/openurl?u.ignore_date_coverage=true&amp;portfolio_pid=53406389270006467&amp;Force_direct=true</subfield>
    <subfield code="v">System</subfield>
    <subfield code="z">2024-11-21 08:21:10</subfield>
    <subfield code="n"> Available from 01/01/2023 volume: 24 issue: 1.</subfield>
    <subfield code="i">false</subfield>
    <subfield code="S">62406321710006467</subfield>
    <subfield code="d">https://hbz-network.userservices.exlibrisgroup.com/view/uresolver/49HBZ_NETWORK/openurl?u.ignore_date_coverage=true&amp;rft.mms_id=991045501116306467</subfield>
    <subfield code="b">Available</subfield>
    <subfield code="f">JOURNAL</subfield>
    <subfield code="8">53406389270006467</subfield>
  </datafield>
  <datafield tag="POC" ind1=" " ind2=" ">
    <subfield code="a">53406389270006467</subfield>
    <subfield code="b">2023</subfield>
    <subfield code="d">1</subfield>
    <subfield code="f">1</subfield>
    <subfield code="h">24</subfield>
    <subfield code="j">1</subfield>
  </datafield>
  <datafield tag="POR" ind1=" " ind2=" ">
    <subfield code="j">Ezb</subfield>
    <subfield code="x">System</subfield>
    <subfield code="a">53369186710006442</subfield>
    <subfield code="M">49HBZ_BIE</subfield>
    <subfield code="p">61369160430006442</subfield>
    <subfield code="q">Elsevier Freedom Collection_Journals_DEAL</subfield>
    <subfield code="c">param</subfield>
    <subfield code="B">Lesezugang von 1995 bis 2022</subfield>
    <subfield code="o">614970000000000989</subfield>
    <subfield code="y">2024-06-10 13:12:59 Europe/Berlin</subfield>
    <subfield code="w">2024-06-10 13:12:59 Europe/Berlin</subfield>
    <subfield code="D">https://eu04.alma.exlibrisgroup.com/view/uresolver/49HBZ_NETWORK/openurl?u.ignore_date_coverage=true&amp;portfolio_pid=53369186710006442&amp;Force_direct=true</subfield>
    <subfield code="v">System</subfield>
    <subfield code="z">2024-06-10 11:12:59</subfield>
    <subfield code="n"> Available from 2017 volume: 18 until 2022 volume: 23 issue: 3.</subfield>
    <subfield code="i">false</subfield>
    <subfield code="S">62369160420006442</subfield>
    <subfield code="d">https://hbz-network.userservices.exlibrisgroup.com/view/uresolver/49HBZ_NETWORK/openurl?u.ignore_date_coverage=true&amp;rft.mms_id=991026102997006442</subfield>
    <subfield code="b">Available</subfield>
    <subfield code="f">JOURNAL</subfield>
    <subfield code="8">53369186710006442</subfield>
  </datafield>
  <datafield tag="POC" ind1=" " ind2=" ">
    <subfield code="a">53369186710006442</subfield>
    <subfield code="b">2017</subfield>
    <subfield code="c">2022</subfield>
    <subfield code="d">1</subfield>
    <subfield code="e">12</subfield>
    <subfield code="f">1</subfield>
    <subfield code="g">31</subfield>
    <subfield code="h">18</subfield>
    <subfield code="i">23</subfield>
    <subfield code="k">3</subfield>
  </datafield>
  <datafield tag="POR" ind1=" " ind2=" ">
    <subfield code="j">Elsevier ScienceDirect</subfield>
    <subfield code="x">System</subfield>
    <subfield code="a">53368881720006442</subfield>
    <subfield code="M">49HBZ_BIE</subfield>
    <subfield code="p">61368850560006442</subfield>
    <subfield code="r">Elsevier DEAL 2024-2028</subfield>
    <subfield code="q">Elsevier Core Hybrid_Journals_DEAL</subfield>
    <subfield code="c">param</subfield>
    <subfield code="B">Beschreibung aus der EZB: Lesezugang auf die Core Hybrid Zeitschriften ab 2023 sowie alle Jahrgänge der Core Gold Zeitschriften</subfield>
    <subfield code="o">615490000000002295</subfield>
    <subfield code="y">2025-09-18 05:32:17 Europe/Berlin</subfield>
    <subfield code="u">BIE-51076</subfield>
    <subfield code="w">2024-06-04 10:55:47 Europe/Berlin</subfield>
    <subfield code="D">https://eu04.alma.exlibrisgroup.com/view/uresolver/49HBZ_NETWORK/openurl?u.ignore_date_coverage=true&amp;portfolio_pid=53368881720006442&amp;Force_direct=true</subfield>
    <subfield code="s">Elsevier DEAL 2024-2028</subfield>
    <subfield code="v">System</subfield>
    <subfield code="z">2024-06-04 08:55:47</subfield>
    <subfield code="n"> Available from 2023.</subfield>
    <subfield code="i">false</subfield>
    <subfield code="t">BIE-40983</subfield>
    <subfield code="S">62368850550006442</subfield>
    <subfield code="d">https://hbz-network.userservices.exlibrisgroup.com/view/uresolver/49HBZ_NETWORK/openurl?u.ignore_date_coverage=true&amp;rft.mms_id=991026102997006442</subfield>
    <subfield code="b">Available</subfield>
    <subfield code="f">JOURNAL</subfield>
    <subfield code="8">53368881720006442</subfield>
  </datafield>
  <datafield tag="POC" ind1=" " ind2=" ">
    <subfield code="a">53368881720006442</subfield>
    <subfield code="b">2023</subfield>
    <subfield code="d">1</subfield>
    <subfield code="f">1</subfield>
  </datafield>
  <datafield tag="POR" ind1=" " ind2=" ">
    <subfield code="j">Ezb</subfield>
    <subfield code="x">System</subfield>
    <subfield code="a">53203130410006471</subfield>
    <subfield code="M">49HBZ_UBO</subfield>
    <subfield code="p">61203029740006471</subfield>
    <subfield code="q">EZB-ELDEA-01987 Elsevier DEAL Freedom Collection</subfield>
    <subfield code="c">param</subfield>
    <subfield code="o">614970000000000989</subfield>
    <subfield code="y">2024-07-09 16:01:42 Europe/Berlin</subfield>
    <subfield code="w">2024-07-09 16:01:42 Europe/Berlin</subfield>
    <subfield code="D">https://eu04.alma.exlibrisgroup.com/view/uresolver/49HBZ_NETWORK/openurl?u.ignore_date_coverage=true&amp;portfolio_pid=53203130410006471&amp;Force_direct=true</subfield>
    <subfield code="v">System</subfield>
    <subfield code="z">2024-07-09 14:01:42</subfield>
    <subfield code="n"> Available from 2017 volume: 18 until 2022 volume: 23 issue: 3.</subfield>
    <subfield code="i">false</subfield>
    <subfield code="S">62203029730006471</subfield>
    <subfield code="d">https://hbz-network.userservices.exlibrisgroup.com/view/uresolver/49HBZ_NETWORK/openurl?u.ignore_date_coverage=true&amp;rft.mms_id=991027950514806471</subfield>
    <subfield code="b">Available</subfield>
    <subfield code="f">JOURNAL</subfield>
    <subfield code="8">53203130410006471</subfield>
  </datafield>
  <datafield tag="POC" ind1=" " ind2=" ">
    <subfield code="a">53203130410006471</subfield>
    <subfield code="b">2017</subfield>
    <subfield code="c">2022</subfield>
    <subfield code="d">1</subfield>
    <subfield code="e">12</subfield>
    <subfield code="f">1</subfield>
    <subfield code="g">31</subfield>
    <subfield code="h">18</subfield>
    <subfield code="i">23</subfield>
    <subfield code="k">3</subfield>
  </datafield>
  <datafield tag="POR" ind1=" " ind2=" ">
    <subfield code="j">Elsevier ScienceDirect</subfield>
    <subfield code="x">System</subfield>
    <subfield code="a">53203098700006471</subfield>
    <subfield code="M">49HBZ_UBO</subfield>
    <subfield code="p">61203029800006471</subfield>
    <subfield code="q">EZB-ELDEA-01991 Elsevier DEAL Core Hybrid</subfield>
    <subfield code="c">param</subfield>
    <subfield code="o">615490000000002295</subfield>
    <subfield code="y">2025-09-18 05:28:39 Europe/Berlin</subfield>
    <subfield code="w">2024-07-09 15:51:28 Europe/Berlin</subfield>
    <subfield code="D">https://eu04.alma.exlibrisgroup.com/view/uresolver/49HBZ_NETWORK/openurl?u.ignore_date_coverage=true&amp;portfolio_pid=53203098700006471&amp;Force_direct=true</subfield>
    <subfield code="v">System</subfield>
    <subfield code="z">2024-07-09 13:51:28</subfield>
    <subfield code="n"> Available from 2023.</subfield>
    <subfield code="i">false</subfield>
    <subfield code="S">62203029790006471</subfield>
    <subfield code="d">https://hbz-network.userservices.exlibrisgroup.com/view/uresolver/49HBZ_NETWORK/openurl?u.ignore_date_coverage=true&amp;rft.mms_id=991027950514806471</subfield>
    <subfield code="b">Available</subfield>
    <subfield code="f">JOURNAL</subfield>
    <subfield code="8">53203098700006471</subfield>
  </datafield>
  <datafield tag="POC" ind1=" " ind2=" ">
    <subfield code="a">53203098700006471</subfield>
    <subfield code="b">2023</subfield>
    <subfield code="d">1</subfield>
    <subfield code="f">1</subfield>
  </datafield>
  <datafield tag="POR" ind1=" " ind2=" ">
    <subfield code="j">Elsevier ScienceDirect</subfield>
    <subfield code="x">System</subfield>
    <subfield code="a">53481964230006446</subfield>
    <subfield code="M">49HBZ_UDE</subfield>
    <subfield code="k">Zugriff für autorisierte Nutzer:innen</subfield>
    <subfield code="p">61440507540006446</subfield>
    <subfield code="q">Elsevier ScienceDirect Journals Complete</subfield>
    <subfield code="c">param</subfield>
    <subfield code="o">613840000000000010</subfield>
    <subfield code="y">2024-03-26 17:11:27 Europe/Berlin</subfield>
    <subfield code="w">2024-03-26 17:11:26 Europe/Berlin</subfield>
    <subfield code="D">https://eu04.alma.exlibrisgroup.com/view/uresolver/49HBZ_NETWORK/openurl?u.ignore_date_coverage=true&amp;portfolio_pid=53481964230006446&amp;Force_direct=true</subfield>
    <subfield code="v">System</subfield>
    <subfield code="z">2024-03-26 16:11:26</subfield>
    <subfield code="n"> Available from 01/01/2017 volume: 18 issue: 1.</subfield>
    <subfield code="i">false</subfield>
    <subfield code="S">62440507530006446</subfield>
    <subfield code="d">https://hbz-network.userservices.exlibrisgroup.com/view/uresolver/49HBZ_NETWORK/openurl?u.ignore_date_coverage=true&amp;rft.mms_id=99209080313706446</subfield>
    <subfield code="b">Available</subfield>
    <subfield code="f">JOURNAL</subfield>
    <subfield code="8">53481964230006446</subfield>
  </datafield>
  <datafield tag="POC" ind1=" " ind2=" ">
    <subfield code="a">53481964230006446</subfield>
    <subfield code="b">2017</subfield>
    <subfield code="d">01</subfield>
    <subfield code="f">01</subfield>
    <subfield code="h">18</subfield>
    <subfield code="j">1</subfield>
  </datafield>
  <datafield tag="POR" ind1=" " ind2=" ">
    <subfield code="j">Elsevier ScienceDirect</subfield>
    <subfield code="x">System</subfield>
    <subfield code="a">53486572730006446</subfield>
    <subfield code="M">49HBZ_UDE</subfield>
    <subfield code="k">Zugriff für autorisierte Nutzer:innen</subfield>
    <subfield code="p">61486546830006446</subfield>
    <subfield code="q">Elsevier DEAL Core Hybrid</subfield>
    <subfield code="c">param</subfield>
    <subfield code="o">615490000000002295</subfield>
    <subfield code="y">2025-09-18 05:36:23 Europe/Berlin</subfield>
    <subfield code="w">2024-06-13 09:32:08 Europe/Berlin</subfield>
    <subfield code="D">https://eu04.alma.exlibrisgroup.com/view/uresolver/49HBZ_NETWORK/openurl?u.ignore_date_coverage=true&amp;portfolio_pid=53486572730006446&amp;Force_direct=true</subfield>
    <subfield code="v">System</subfield>
    <subfield code="z">2024-06-13 07:32:08</subfield>
    <subfield code="n"> Available from 2023.</subfield>
    <subfield code="i">false</subfield>
    <subfield code="t">UB24-28313</subfield>
    <subfield code="S">62486546820006446</subfield>
    <subfield code="d">https://hbz-network.userservices.exlibrisgroup.com/view/uresolver/49HBZ_NETWORK/openurl?u.ignore_date_coverage=true&amp;rft.mms_id=99209080313706446</subfield>
    <subfield code="b">Available</subfield>
    <subfield code="f">JOURNAL</subfield>
    <subfield code="8">53486572730006446</subfield>
  </datafield>
  <datafield tag="POC" ind1=" " ind2=" ">
    <subfield code="a">53486572730006446</subfield>
    <subfield code="b">2023</subfield>
    <subfield code="d">1</subfield>
    <subfield code="f">1</subfield>
  </datafield>
  <datafield tag="POR" ind1=" " ind2=" ">
    <subfield code="j">Elsevier ScienceDirect</subfield>
    <subfield code="x">System</subfield>
    <subfield code="a">53387933330006443</subfield>
    <subfield code="M">49HBZ_DUE</subfield>
    <subfield code="p">61387912420006443</subfield>
    <subfield code="q">EZB-ELDEA-01991 Elsevier DEAL Core Hybrid</subfield>
    <subfield code="c">param</subfield>
    <subfield code="o">615490000000002295</subfield>
    <subfield code="y">2025-09-18 05:07:09 Europe/Berlin</subfield>
    <subfield code="w">2024-06-12 08:57:35 Europe/Berlin</subfield>
    <subfield code="D">https://eu04.alma.exlibrisgroup.com/view/uresolver/49HBZ_NETWORK/openurl?u.ignore_date_coverage=true&amp;portfolio_pid=53387933330006443&amp;Force_direct=true</subfield>
    <subfield code="v">System</subfield>
    <subfield code="z">2024-06-12 06:57:35</subfield>
    <subfield code="n"> Available from 2023.</subfield>
    <subfield code="i">false</subfield>
    <subfield code="t">ULBD-24-23563</subfield>
    <subfield code="S">62387912410006443</subfield>
    <subfield code="d">https://hbz-network.userservices.exlibrisgroup.com/view/uresolver/49HBZ_NETWORK/openurl?u.ignore_date_coverage=true&amp;rft.mms_id=9947618545806443</subfield>
    <subfield code="b">Available</subfield>
    <subfield code="f">JOURNAL</subfield>
    <subfield code="8">53387933330006443</subfield>
  </datafield>
  <datafield tag="POC" ind1=" " ind2=" ">
    <subfield code="a">53387933330006443</subfield>
    <subfield code="b">2023</subfield>
    <subfield code="d">1</subfield>
    <subfield code="f">1</subfield>
  </datafield>
  <datafield tag="POR" ind1=" " ind2=" ">
    <subfield code="j">Ezb</subfield>
    <subfield code="x">System</subfield>
    <subfield code="a">53387994020006443</subfield>
    <subfield code="M">49HBZ_DUE</subfield>
    <subfield code="p">61387912290006443</subfield>
    <subfield code="q">EZB-ELDEA-01987 Elsevier DEAL Freedom Collection</subfield>
    <subfield code="c">param</subfield>
    <subfield code="o">614970000000000989</subfield>
    <subfield code="y">2024-06-12 09:33:08 Europe/Berlin</subfield>
    <subfield code="w">2024-06-12 09:33:08 Europe/Berlin</subfield>
    <subfield code="D">https://eu04.alma.exlibrisgroup.com/view/uresolver/49HBZ_NETWORK/openurl?u.ignore_date_coverage=true&amp;portfolio_pid=53387994020006443&amp;Force_direct=true</subfield>
    <subfield code="v">System</subfield>
    <subfield code="z">2024-06-12 07:33:08</subfield>
    <subfield code="n"> Available from 2017 volume: 18 until 2022 volume: 23 issue: 3.</subfield>
    <subfield code="i">false</subfield>
    <subfield code="S">62387912280006443</subfield>
    <subfield code="d">https://hbz-network.userservices.exlibrisgroup.com/view/uresolver/49HBZ_NETWORK/openurl?u.ignore_date_coverage=true&amp;rft.mms_id=9947618545806443</subfield>
    <subfield code="b">Available</subfield>
    <subfield code="f">JOURNAL</subfield>
    <subfield code="8">53387994020006443</subfield>
  </datafield>
  <datafield tag="POC" ind1=" " ind2=" ">
    <subfield code="a">53387994020006443</subfield>
    <subfield code="b">2017</subfield>
    <subfield code="c">2022</subfield>
    <subfield code="d">1</subfield>
    <subfield code="e">12</subfield>
    <subfield code="f">1</subfield>
    <subfield code="g">31</subfield>
    <subfield code="h">18</subfield>
    <subfield code="i">23</subfield>
    <subfield code="k">3</subfield>
  </datafield>
  <datafield tag="POR" ind1=" " ind2=" ">
    <subfield code="j">Elsevier ScienceDirect</subfield>
    <subfield code="x">System</subfield>
    <subfield code="a">5348946120008057</subfield>
    <subfield code="M">49HBZ_UKO</subfield>
    <subfield code="p">6148774880008057</subfield>
    <subfield code="q">EZB-ELDEA-01991 Elsevier DEAL Core Hybrid</subfield>
    <subfield code="c">param</subfield>
    <subfield code="o">615490000000002295</subfield>
    <subfield code="y">2025-09-18 06:01:26 Europe/Berlin</subfield>
    <subfield code="w">2024-10-04 09:43:04 Europe/Berlin</subfield>
    <subfield code="D">https://eu04.alma.exlibrisgroup.com/view/uresolver/49HBZ_NETWORK/openurl?u.ignore_date_coverage=true&amp;portfolio_pid=5348946120008057&amp;Force_direct=true</subfield>
    <subfield code="v">System</subfield>
    <subfield code="z">2024-10-04 07:43:04</subfield>
    <subfield code="n"> Available from 2023.</subfield>
    <subfield code="i">false</subfield>
    <subfield code="S">6248774870008057</subfield>
    <subfield code="d">https://hbz-network.userservices.exlibrisgroup.com/view/uresolver/49HBZ_NETWORK/openurl?u.ignore_date_coverage=true&amp;rft.mms_id=9910138845408057</subfield>
    <subfield code="b">Available</subfield>
    <subfield code="f">JOURNAL</subfield>
    <subfield code="8">5348946120008057</subfield>
  </datafield>
  <datafield tag="POC" ind1=" " ind2=" ">
    <subfield code="a">5348946120008057</subfield>
    <subfield code="b">2023</subfield>
    <subfield code="d">1</subfield>
    <subfield code="f">1</subfield>
  </datafield>
  <datafield tag="POR" ind1=" " ind2=" ">
    <subfield code="j">Ezb</subfield>
    <subfield code="x">System</subfield>
    <subfield code="a">5349004280008057</subfield>
    <subfield code="M">49HBZ_UKO</subfield>
    <subfield code="p">6148774850008057</subfield>
    <subfield code="q">EZB-ELDEA-01989 Elsevier DEAL Archive</subfield>
    <subfield code="c">param</subfield>
    <subfield code="o">614900000000002864</subfield>
    <subfield code="y">2024-10-04 09:56:11 Europe/Berlin</subfield>
    <subfield code="w">2024-10-04 09:56:11 Europe/Berlin</subfield>
    <subfield code="D">https://eu04.alma.exlibrisgroup.com/view/uresolver/49HBZ_NETWORK/openurl?u.ignore_date_coverage=true&amp;portfolio_pid=5349004280008057&amp;Force_direct=true</subfield>
    <subfield code="v">System</subfield>
    <subfield code="z">2024-10-04 07:56:11</subfield>
    <subfield code="n"> Available from 2017 volume: 18 until 2022 volume: 23 issue: 3.</subfield>
    <subfield code="i">false</subfield>
    <subfield code="S">6248774840008057</subfield>
    <subfield code="d">https://hbz-network.userservices.exlibrisgroup.com/view/uresolver/49HBZ_NETWORK/openurl?u.ignore_date_coverage=true&amp;rft.mms_id=9910138845408057</subfield>
    <subfield code="b">Available</subfield>
    <subfield code="f">JOURNAL</subfield>
    <subfield code="8">5349004280008057</subfield>
  </datafield>
  <datafield tag="POC" ind1=" " ind2=" ">
    <subfield code="a">5349004280008057</subfield>
    <subfield code="b">2017</subfield>
    <subfield code="c">2022</subfield>
    <subfield code="d">1</subfield>
    <subfield code="e">12</subfield>
    <subfield code="f">1</subfield>
    <subfield code="g">31</subfield>
    <subfield code="h">18</subfield>
    <subfield code="i">23</subfield>
    <subfield code="k">3</subfield>
  </datafield>
  <datafield tag="POR" ind1=" " ind2=" ">
    <subfield code="j">Elsevier ScienceDirect</subfield>
    <subfield code="x">System</subfield>
    <subfield code="a">53684026230006449</subfield>
    <subfield code="M">49HBZ_ULM</subfield>
    <subfield code="p">61683967910006449</subfield>
    <subfield code="q">Elsevier DEAL Core Hybrid</subfield>
    <subfield code="c">param</subfield>
    <subfield code="o">615490000000002295</subfield>
    <subfield code="y">2025-09-18 03:57:22 Europe/Berlin</subfield>
    <subfield code="w">2024-06-18 14:56:31 Europe/Berlin</subfield>
    <subfield code="D">https://eu04.alma.exlibrisgroup.com/view/uresolver/49HBZ_NETWORK/openurl?u.ignore_date_coverage=true&amp;portfolio_pid=53684026230006449&amp;Force_direct=true</subfield>
    <subfield code="v">System</subfield>
    <subfield code="z">2024-06-18 12:56:31</subfield>
    <subfield code="n"> Available from 2023.</subfield>
    <subfield code="i">false</subfield>
    <subfield code="S">62683967900006449</subfield>
    <subfield code="d">https://hbz-network.userservices.exlibrisgroup.com/view/uresolver/49HBZ_NETWORK/openurl?u.ignore_date_coverage=true&amp;rft.mms_id=991045070506406449</subfield>
    <subfield code="b">Available</subfield>
    <subfield code="f">JOURNAL</subfield>
    <subfield code="8">53684026230006449</subfield>
  </datafield>
  <datafield tag="POC" ind1=" " ind2=" ">
    <subfield code="a">53684026230006449</subfield>
    <subfield code="b">2023</subfield>
    <subfield code="d">1</subfield>
    <subfield code="f">1</subfield>
  </datafield>
  <datafield tag="POR" ind1=" " ind2=" ">
    <subfield code="j">Elsevier ScienceDirect</subfield>
    <subfield code="x">System</subfield>
    <subfield code="a">53123884120006462</subfield>
    <subfield code="M">49HBZ_SIE</subfield>
    <subfield code="p">61123800170006462</subfield>
    <subfield code="q">Elsevier eJournals</subfield>
    <subfield code="c">param</subfield>
    <subfield code="o">615490000000002295</subfield>
    <subfield code="y">2025-09-18 04:45:53 Europe/Berlin</subfield>
    <subfield code="w">2024-06-17 10:16:04 Europe/Berlin</subfield>
    <subfield code="D">https://eu04.alma.exlibrisgroup.com/view/uresolver/49HBZ_NETWORK/openurl?u.ignore_date_coverage=true&amp;portfolio_pid=53123884120006462&amp;Force_direct=true</subfield>
    <subfield code="v">System</subfield>
    <subfield code="z">2024-06-17 08:16:04</subfield>
    <subfield code="n"> Available from 2023.</subfield>
    <subfield code="i">false</subfield>
    <subfield code="t">POL-6468</subfield>
    <subfield code="S">62123800160006462</subfield>
    <subfield code="d">https://hbz-network.userservices.exlibrisgroup.com/view/uresolver/49HBZ_NETWORK/openurl?u.ignore_date_coverage=true&amp;rft.mms_id=99204642310806462</subfield>
    <subfield code="b">Available</subfield>
    <subfield code="f">JOURNAL</subfield>
    <subfield code="8">53123884120006462</subfield>
  </datafield>
  <datafield tag="POC" ind1=" " ind2=" ">
    <subfield code="a">53123884120006462</subfield>
    <subfield code="b">2023</subfield>
    <subfield code="d">1</subfield>
    <subfield code="f">1</subfield>
  </datafield>
  <datafield tag="POR" ind1=" " ind2=" ">
    <subfield code="j">Elsevier ScienceDirect</subfield>
    <subfield code="x">System</subfield>
    <subfield code="a">53123847980006462</subfield>
    <subfield code="M">49HBZ_SIE</subfield>
    <subfield code="p">61123800200006462</subfield>
    <subfield code="q">Elsevier eJournals</subfield>
    <subfield code="c">param</subfield>
    <subfield code="o">614970000000000989</subfield>
    <subfield code="y">2024-06-17 10:13:47 Europe/Berlin</subfield>
    <subfield code="w">2024-06-17 10:13:47 Europe/Berlin</subfield>
    <subfield code="D">https://eu04.alma.exlibrisgroup.com/view/uresolver/49HBZ_NETWORK/openurl?u.ignore_date_coverage=true&amp;portfolio_pid=53123847980006462&amp;Force_direct=true</subfield>
    <subfield code="v">System</subfield>
    <subfield code="z">2024-06-17 08:13:47</subfield>
    <subfield code="n"> Available from 2017 volume: 18 until 2022 volume: 23 issue: 3.</subfield>
    <subfield code="i">false</subfield>
    <subfield code="t">POL-6468</subfield>
    <subfield code="S">62123800190006462</subfield>
    <subfield code="d">https://hbz-network.userservices.exlibrisgroup.com/view/uresolver/49HBZ_NETWORK/openurl?u.ignore_date_coverage=true&amp;rft.mms_id=99204642310806462</subfield>
    <subfield code="b">Available</subfield>
    <subfield code="f">JOURNAL</subfield>
    <subfield code="8">53123847980006462</subfield>
  </datafield>
  <datafield tag="POC" ind1=" " ind2=" ">
    <subfield code="a">53123847980006462</subfield>
    <subfield code="b">2017</subfield>
    <subfield code="c">2022</subfield>
    <subfield code="d">1</subfield>
    <subfield code="e">12</subfield>
    <subfield code="f">1</subfield>
    <subfield code="g">31</subfield>
    <subfield code="h">18</subfield>
    <subfield code="i">23</subfield>
    <subfield code="k">3</subfield>
  </datafield>
  <datafield tag="POR" ind1=" " ind2=" ">
    <subfield code="j">Elsevier ScienceDirect</subfield>
    <subfield code="x">System</subfield>
    <subfield code="a">53123947550006462</subfield>
    <subfield code="M">49HBZ_SIE</subfield>
    <subfield code="p">61123800110006462</subfield>
    <subfield code="q">Elsevier eJournals</subfield>
    <subfield code="c">param</subfield>
    <subfield code="o">614900000000002864</subfield>
    <subfield code="y">2024-06-17 10:20:04 Europe/Berlin</subfield>
    <subfield code="w">2024-06-17 10:20:04 Europe/Berlin</subfield>
    <subfield code="D">https://eu04.alma.exlibrisgroup.com/view/uresolver/49HBZ_NETWORK/openurl?u.ignore_date_coverage=true&amp;portfolio_pid=53123947550006462&amp;Force_direct=true</subfield>
    <subfield code="v">System</subfield>
    <subfield code="z">2024-06-17 08:20:04</subfield>
    <subfield code="n"> Available from 2017 volume: 18 until 2022 volume: 23 issue: 3.</subfield>
    <subfield code="i">false</subfield>
    <subfield code="t">POL-6468</subfield>
    <subfield code="S">62123800100006462</subfield>
    <subfield code="d">https://hbz-network.userservices.exlibrisgroup.com/view/uresolver/49HBZ_NETWORK/openurl?u.ignore_date_coverage=true&amp;rft.mms_id=99204642310806462</subfield>
    <subfield code="b">Available</subfield>
    <subfield code="f">JOURNAL</subfield>
    <subfield code="8">53123947550006462</subfield>
  </datafield>
  <datafield tag="POC" ind1=" " ind2=" ">
    <subfield code="a">53123947550006462</subfield>
    <subfield code="b">2017</subfield>
    <subfield code="c">2022</subfield>
    <subfield code="d">1</subfield>
    <subfield code="e">12</subfield>
    <subfield code="f">1</subfield>
    <subfield code="g">31</subfield>
    <subfield code="h">18</subfield>
    <subfield code="i">23</subfield>
    <subfield code="k">3</subfield>
  </datafield>
  <datafield tag="POR" ind1=" " ind2=" ">
    <subfield code="j">Ezb</subfield>
    <subfield code="x">System</subfield>
    <subfield code="a">53204918520006463</subfield>
    <subfield code="M">49HBZ_PAD</subfield>
    <subfield code="p">61204880100006463</subfield>
    <subfield code="q">EZB-ELDEA-01987 Elsevier DEAL Freedom Collection</subfield>
    <subfield code="c">param</subfield>
    <subfield code="o">614970000000000989</subfield>
    <subfield code="y">2024-06-10 12:37:38 Europe/Berlin</subfield>
    <subfield code="w">2024-06-10 12:37:38 Europe/Berlin</subfield>
    <subfield code="D">https://eu04.alma.exlibrisgroup.com/view/uresolver/49HBZ_NETWORK/openurl?u.ignore_date_coverage=true&amp;portfolio_pid=53204918520006463&amp;Force_direct=true</subfield>
    <subfield code="v">System</subfield>
    <subfield code="z">2024-06-10 10:37:38</subfield>
    <subfield code="n"> Available from 2017 volume: 18 until 2022 volume: 23 issue: 3.</subfield>
    <subfield code="i">false</subfield>
    <subfield code="t">POL-24-13723</subfield>
    <subfield code="S">62204880090006463</subfield>
    <subfield code="d">https://hbz-network.userservices.exlibrisgroup.com/view/uresolver/49HBZ_NETWORK/openurl?u.ignore_date_coverage=true&amp;rft.mms_id=9925129758906463</subfield>
    <subfield code="b">Available</subfield>
    <subfield code="f">JOURNAL</subfield>
    <subfield code="8">53204918520006463</subfield>
  </datafield>
  <datafield tag="POC" ind1=" " ind2=" ">
    <subfield code="a">53204918520006463</subfield>
    <subfield code="b">2017</subfield>
    <subfield code="c">2022</subfield>
    <subfield code="d">1</subfield>
    <subfield code="e">12</subfield>
    <subfield code="f">1</subfield>
    <subfield code="g">31</subfield>
    <subfield code="h">18</subfield>
    <subfield code="i">23</subfield>
    <subfield code="k">3</subfield>
  </datafield>
  <datafield tag="POR" ind1=" " ind2=" ">
    <subfield code="j">Elsevier ScienceDirect</subfield>
    <subfield code="x">System</subfield>
    <subfield code="a">53217824060006463</subfield>
    <subfield code="M">49HBZ_PAD</subfield>
    <subfield code="p">61165840190006463</subfield>
    <subfield code="q">Elsevier Journals AutoHoldings</subfield>
    <subfield code="c">param</subfield>
    <subfield code="o">613840000000000010</subfield>
    <subfield code="y">2025-09-26 00:06:32 Europe/Berlin</subfield>
    <subfield code="w">2025-09-26 00:06:21 Europe/Berlin</subfield>
    <subfield code="D">https://eu04.alma.exlibrisgroup.com/view/uresolver/49HBZ_NETWORK/openurl?u.ignore_date_coverage=true&amp;portfolio_pid=53217824060006463&amp;Force_direct=true</subfield>
    <subfield code="v">System</subfield>
    <subfield code="z">2025-09-25 22:06:21</subfield>
    <subfield code="n"> Available from 01/01/2017 volume: 18 issue: 1.</subfield>
    <subfield code="i">false</subfield>
    <subfield code="S">62165840180006463</subfield>
    <subfield code="d">https://hbz-network.userservices.exlibrisgroup.com/view/uresolver/49HBZ_NETWORK/openurl?u.ignore_date_coverage=true&amp;rft.mms_id=9925129758906463</subfield>
    <subfield code="b">Available</subfield>
    <subfield code="f">JOURNAL</subfield>
    <subfield code="8">53217824060006463</subfield>
  </datafield>
  <datafield tag="POC" ind1=" " ind2=" ">
    <subfield code="a">53217824060006463</subfield>
    <subfield code="b">2017</subfield>
    <subfield code="d">01</subfield>
    <subfield code="f">01</subfield>
    <subfield code="h">18</subfield>
    <subfield code="j">1</subfield>
  </datafield>
  <datafield tag="POR" ind1=" " ind2=" ">
    <subfield code="j">Elsevier ScienceDirect</subfield>
    <subfield code="x">System</subfield>
    <subfield code="a">53204620270006463</subfield>
    <subfield code="M">49HBZ_PAD</subfield>
    <subfield code="p">61204620230006463</subfield>
    <subfield code="q">EZB-ELDEA-01991 Elsevier DEAL Core Hybrid</subfield>
    <subfield code="c">param</subfield>
    <subfield code="o">615490000000002295</subfield>
    <subfield code="y">2025-09-18 04:55:18 Europe/Berlin</subfield>
    <subfield code="w">2024-06-04 10:31:29 Europe/Berlin</subfield>
    <subfield code="D">https://eu04.alma.exlibrisgroup.com/view/uresolver/49HBZ_NETWORK/openurl?u.ignore_date_coverage=true&amp;portfolio_pid=53204620270006463&amp;Force_direct=true</subfield>
    <subfield code="v">System</subfield>
    <subfield code="z">2024-06-04 08:31:29</subfield>
    <subfield code="n"> Available from 2023.</subfield>
    <subfield code="i">false</subfield>
    <subfield code="t">POL-24-13723</subfield>
    <subfield code="S">62204620220006463</subfield>
    <subfield code="d">https://hbz-network.userservices.exlibrisgroup.com/view/uresolver/49HBZ_NETWORK/openurl?u.ignore_date_coverage=true&amp;rft.mms_id=9925129758906463</subfield>
    <subfield code="b">Available</subfield>
    <subfield code="f">JOURNAL</subfield>
    <subfield code="8">53204620270006463</subfield>
  </datafield>
  <datafield tag="POC" ind1=" " ind2=" ">
    <subfield code="a">53204620270006463</subfield>
    <subfield code="b">2023</subfield>
    <subfield code="d">1</subfield>
    <subfield code="f">1</subfield>
  </datafield>
  <datafield tag="POR" ind1=" " ind2=" ">
    <subfield code="j">Elsevier ScienceDirect</subfield>
    <subfield code="x">System</subfield>
    <subfield code="a">5328275480006456</subfield>
    <subfield code="M">49HBZ_WHS</subfield>
    <subfield code="p">6128258690006456</subfield>
    <subfield code="q">EZB-ELDEA-01991 Elsevier DEAL Core Hybrid</subfield>
    <subfield code="c">param</subfield>
    <subfield code="o">615490000000002295</subfield>
    <subfield code="y">2025-09-18 03:54:19 Europe/Berlin</subfield>
    <subfield code="w">2024-06-11 12:34:31 Europe/Berlin</subfield>
    <subfield code="D">https://eu04.alma.exlibrisgroup.com/view/uresolver/49HBZ_NETWORK/openurl?u.ignore_date_coverage=true&amp;portfolio_pid=5328275480006456&amp;Force_direct=true</subfield>
    <subfield code="v">System</subfield>
    <subfield code="z">2024-06-11 10:34:31</subfield>
    <subfield code="n"> Available from 2023.</subfield>
    <subfield code="i">false</subfield>
    <subfield code="t">2024-3988</subfield>
    <subfield code="S">6228258680006456</subfield>
    <subfield code="d">https://hbz-network.userservices.exlibrisgroup.com/view/uresolver/49HBZ_NETWORK/openurl?u.ignore_date_coverage=true&amp;rft.mms_id=991006560975806456</subfield>
    <subfield code="b">Available</subfield>
    <subfield code="f">JOURNAL</subfield>
    <subfield code="8">5328275480006456</subfield>
  </datafield>
  <datafield tag="POC" ind1=" " ind2=" ">
    <subfield code="a">5328275480006456</subfield>
    <subfield code="b">2023</subfield>
    <subfield code="d">1</subfield>
    <subfield code="f">1</subfield>
  </datafield>
  <datafield tag="POR" ind1=" " ind2=" ">
    <subfield code="j">Ezb</subfield>
    <subfield code="x">System</subfield>
    <subfield code="a">5328336810006456</subfield>
    <subfield code="M">49HBZ_WHS</subfield>
    <subfield code="p">6128258660006456</subfield>
    <subfield code="q">EZB-ELDEA-01987 Elsevier DEAL Freedom Collection</subfield>
    <subfield code="c">param</subfield>
    <subfield code="o">614970000000000989</subfield>
    <subfield code="y">2024-06-11 12:38:32 Europe/Berlin</subfield>
    <subfield code="w">2024-06-11 12:38:32 Europe/Berlin</subfield>
    <subfield code="D">https://eu04.alma.exlibrisgroup.com/view/uresolver/49HBZ_NETWORK/openurl?u.ignore_date_coverage=true&amp;portfolio_pid=5328336810006456&amp;Force_direct=true</subfield>
    <subfield code="v">System</subfield>
    <subfield code="z">2024-06-11 10:38:32</subfield>
    <subfield code="n"> Available from 2017 volume: 18 until 2022 volume: 23 issue: 3.</subfield>
    <subfield code="i">false</subfield>
    <subfield code="t">2024-3988</subfield>
    <subfield code="S">6228258650006456</subfield>
    <subfield code="d">https://hbz-network.userservices.exlibrisgroup.com/view/uresolver/49HBZ_NETWORK/openurl?u.ignore_date_coverage=true&amp;rft.mms_id=991006560975806456</subfield>
    <subfield code="b">Available</subfield>
    <subfield code="f">JOURNAL</subfield>
    <subfield code="8">5328336810006456</subfield>
  </datafield>
  <datafield tag="POC" ind1=" " ind2=" ">
    <subfield code="a">5328336810006456</subfield>
    <subfield code="b">2017</subfield>
    <subfield code="c">2022</subfield>
    <subfield code="d">1</subfield>
    <subfield code="e">12</subfield>
    <subfield code="f">1</subfield>
    <subfield code="g">31</subfield>
    <subfield code="h">18</subfield>
    <subfield code="i">23</subfield>
    <subfield code="k">3</subfield>
  </datafield>
  <datafield tag="POR" ind1=" " ind2=" ">
    <subfield code="j">Ezb</subfield>
    <subfield code="x">System</subfield>
    <subfield code="a">53147771530006472</subfield>
    <subfield code="h">EZProxy</subfield>
    <subfield code="M">49HBZ_ZBM</subfield>
    <subfield code="p">61147749080006472</subfield>
    <subfield code="q">Elsevier Freedom Collection Fernzugriff</subfield>
    <subfield code="c">param</subfield>
    <subfield code="o">614970000000000989</subfield>
    <subfield code="y">2024-06-17 11:54:56 Europe/Berlin</subfield>
    <subfield code="m">liz_Elsevier_Zs</subfield>
    <subfield code="w">2024-06-12 09:39:43 Europe/Berlin</subfield>
    <subfield code="D">https://eu04.alma.exlibrisgroup.com/view/uresolver/49HBZ_NETWORK/openurl?u.ignore_date_coverage=true&amp;portfolio_pid=53147771530006472&amp;Force_direct=true</subfield>
    <subfield code="v">System</subfield>
    <subfield code="z">2024-06-12 07:39:43</subfield>
    <subfield code="n"> Available from 2017 volume: 18 until 2022 volume: 23 issue: 3.</subfield>
    <subfield code="i">true</subfield>
    <subfield code="S">62147749070006472</subfield>
    <subfield code="d">https://hbz-network.userservices.exlibrisgroup.com/view/uresolver/49HBZ_NETWORK/openurl?u.ignore_date_coverage=true&amp;rft.mms_id=991013917754106472</subfield>
    <subfield code="b">Available</subfield>
    <subfield code="f">JOURNAL</subfield>
    <subfield code="8">53147771530006472</subfield>
  </datafield>
  <datafield tag="POC" ind1=" " ind2=" ">
    <subfield code="a">53147771530006472</subfield>
    <subfield code="b">2017</subfield>
    <subfield code="c">2022</subfield>
    <subfield code="d">1</subfield>
    <subfield code="e">12</subfield>
    <subfield code="f">1</subfield>
    <subfield code="g">31</subfield>
    <subfield code="h">18</subfield>
    <subfield code="i">23</subfield>
    <subfield code="k">3</subfield>
  </datafield>
  <datafield tag="POR" ind1=" " ind2=" ">
    <subfield code="j">Elsevier ScienceDirect</subfield>
    <subfield code="x">System</subfield>
    <subfield code="a">53157979240006472</subfield>
    <subfield code="h">EZProxy</subfield>
    <subfield code="M">49HBZ_ZBM</subfield>
    <subfield code="p">61139217040006472</subfield>
    <subfield code="q">Elsevier ScienceDirect Journals Complete</subfield>
    <subfield code="c">param</subfield>
    <subfield code="o">613840000000000010</subfield>
    <subfield code="y">2025-11-15 23:11:11 Europe/Berlin</subfield>
    <subfield code="w">2025-11-15 23:10:59 Europe/Berlin</subfield>
    <subfield code="D">https://eu04.alma.exlibrisgroup.com/view/uresolver/49HBZ_NETWORK/openurl?u.ignore_date_coverage=true&amp;portfolio_pid=53157979240006472&amp;Force_direct=true</subfield>
    <subfield code="v">System</subfield>
    <subfield code="z">2025-11-15 22:10:59</subfield>
    <subfield code="n"> Available from 01/01/2017 volume: 18 issue: 1.</subfield>
    <subfield code="i">false</subfield>
    <subfield code="S">62139217030006472</subfield>
    <subfield code="d">https://hbz-network.userservices.exlibrisgroup.com/view/uresolver/49HBZ_NETWORK/openurl?u.ignore_date_coverage=true&amp;rft.mms_id=991013917754106472</subfield>
    <subfield code="b">Available</subfield>
    <subfield code="f">JOURNAL</subfield>
    <subfield code="8">53157979240006472</subfield>
  </datafield>
  <datafield tag="POC" ind1=" " ind2=" ">
    <subfield code="a">53157979240006472</subfield>
    <subfield code="b">2017</subfield>
    <subfield code="d">01</subfield>
    <subfield code="f">01</subfield>
    <subfield code="h">18</subfield>
    <subfield code="j">1</subfield>
  </datafield>
  <datafield tag="POR" ind1=" " ind2=" ">
    <subfield code="j">Elsevier ScienceDirect</subfield>
    <subfield code="x">System</subfield>
    <subfield code="a">53147835140006472</subfield>
    <subfield code="h">EZProxy</subfield>
    <subfield code="M">49HBZ_ZBM</subfield>
    <subfield code="p">61147749020006472</subfield>
    <subfield code="q">Elsevier DEAL Core Hybrid Fernzugriff</subfield>
    <subfield code="c">param</subfield>
    <subfield code="o">615490000000002295</subfield>
    <subfield code="y">2025-09-18 04:45:11 Europe/Berlin</subfield>
    <subfield code="m">liz_Elsevier_Zs</subfield>
    <subfield code="w">2024-06-12 09:43:27 Europe/Berlin</subfield>
    <subfield code="D">https://eu04.alma.exlibrisgroup.com/view/uresolver/49HBZ_NETWORK/openurl?u.ignore_date_coverage=true&amp;portfolio_pid=53147835140006472&amp;Force_direct=true</subfield>
    <subfield code="v">System</subfield>
    <subfield code="z">2024-06-12 07:43:27</subfield>
    <subfield code="n"> Available from 2023.</subfield>
    <subfield code="i">true</subfield>
    <subfield code="S">62147749010006472</subfield>
    <subfield code="d">https://hbz-network.userservices.exlibrisgroup.com/view/uresolver/49HBZ_NETWORK/openurl?u.ignore_date_coverage=true&amp;rft.mms_id=991013917754106472</subfield>
    <subfield code="b">Available</subfield>
    <subfield code="f">JOURNAL</subfield>
    <subfield code="8">53147835140006472</subfield>
  </datafield>
  <datafield tag="POC" ind1=" " ind2=" ">
    <subfield code="a">53147835140006472</subfield>
    <subfield code="b">2023</subfield>
    <subfield code="d">1</subfield>
    <subfield code="f">1</subfield>
  </datafield>
  <datafield tag="GST" ind1=" " ind2=" ">
    <subfield code="a">Immunization, Active</subfield>
    <subfield code="A">MESH</subfield>
    <subfield code="B">NLM-D014611</subfield>
    <subfield code="C">450</subfield>
  </datafield>
  <datafield tag="GST" ind1=" " ind2=" ">
    <subfield code="w">nnna</subfield>
    <subfield code="a">Active Immunization</subfield>
    <subfield code="A">MESH</subfield>
    <subfield code="B">NLM-D014611</subfield>
    <subfield code="C">450</subfield>
  </datafield>
  <datafield tag="GST" ind1=" " ind2=" ">
    <subfield code="w">nnna</subfield>
    <subfield code="a">Active Immunizations</subfield>
    <subfield code="A">MESH</subfield>
    <subfield code="B">NLM-D014611</subfield>
    <subfield code="C">450</subfield>
  </datafield>
  <datafield tag="GST" ind1=" " ind2=" ">
    <subfield code="w">nnna</subfield>
    <subfield code="a">Immunizations, Active</subfield>
    <subfield code="A">MESH</subfield>
    <subfield code="B">NLM-D014611</subfield>
    <subfield code="C">450</subfield>
  </datafield>
  <datafield tag="GST" ind1=" " ind2=" ">
    <subfield code="w">nnna</subfield>
    <subfield code="a">Vaccinations</subfield>
    <subfield code="A">MESH</subfield>
    <subfield code="B">NLM-D014611</subfield>
    <subfield code="C">450</subfield>
  </datafield>
  <datafield tag="GST" ind1=" " ind2=" ">
    <subfield code="a">Vaccine</subfield>
    <subfield code="A">MESH</subfield>
    <subfield code="B">NLM-D014612</subfield>
    <subfield code="C">450</subfield>
  </datafield>
</record>
